<?xml version="1.0" encoding="UTF-8"?>
<!DOCTYPE html PUBLIC "-//W3C//DTD XHTML 1.0 Transitional//EN"
    "http://www.w3.org/TR/xhtml1/DTD/xhtml1-transitional.dtd">
<html xmlns="http://www.w3.org/1999/xhtml" xml:lang="en" lang="en">
 <head>
  <title>
</title>
<meta http-equiv="Content-Type" content="text/html;charset=utf-8" />
  <meta name='ocr-system' content='tesseract 3.04.00' />
  <meta name='ocr-capabilities' content='ocr_page ocr_carea ocr_par ocr_line ocrx_word'/>
</head>
<body>
  <div class='ocr_page' id='page_1' title='image "./elementaphiloso01linkgoog_0049.png"; bbox 0 0 2843 4800; ppageno 0'>
   <div class='ocr_carea' id='block_1_1' title="bbox 1010 280 2267 415">
    <p class='ocr_par' dir='ltr' id='par_1_1' title="bbox 1010 280 2267 415">
     <span class='ocr_line' id='line_1_1' title="bbox 1010 280 2267 415; baseline -0.003 -2"><span class='ocrx_word' id='word_1_1' title='bbox 1010 337 1487 415; x_wconf 72' lang='lat' dir='ltr'>PLAN‘r-A,</span> <span class='ocrx_word' id='word_1_2' title='bbox 1623 280 1642 287; x_wconf 42' lang='lat'><strong>⁶</strong></span> <span class='ocrx_word' id='word_1_3' title='bbox 2082 356 2090 375; x_wconf 74' lang='grc'>·</span> <span class='ocrx_word' id='word_1_4' title='bbox 2176 336 2267 409; x_wconf 79' lang='lat'>41</span> 
     </span>
    </p>
   </div>
   <div class='ocr_carea' id='block_1_2' title="bbox 240 694 2277 1235">
    <p class='ocr_par' dir='ltr' id='par_1_2' title="bbox 240 694 2277 1235">
     <span class='ocr_line' id='line_1_2' title="bbox 240 694 2274 823; baseline -0.005 -26"><span class='ocrx_word' id='word_1_5' title='bbox 240 707 372 796; x_wconf 80' lang='lat'>26.</span> <span class='ocrx_word' id='word_1_6' title='bbox 491 703 1103 823; x_wconf 76' lang='lat' dir='ltr'><strong>Formarum</strong></span> <span class='ocrx_word' id='word_1_7' title='bbox 1150 709 1250 790; x_wconf 86' lang='lat' dir='ltr'>et</span> <span class='ocrx_word' id='word_1_8' title='bbox 1286 697 1592 790; x_wconf 84' lang='lat' dir='ltr'>totius</span> <span class='ocrx_word' id='word_1_9' title='bbox 1635 694 2002 790; x_wconf 90' lang='lat' dir='ltr'>indolis</span> <span class='ocrx_word' id='word_1_10' title='bbox 2041 720 2274 788; x_wconf 82' lang='lat' dir='ltr'>con-</span> 
     </span>
     <span class='ocr_line' id='line_1_3' title="bbox 348 836 2277 963; baseline -0.001 -29"><span class='ocrx_word' id='word_1_11' title='bbox 348 846 712 953; x_wconf 80' lang='lat' dir='ltr'>stantia</span> <span class='ocrx_word' id='word_1_12' title='bbox 772 845 882 934; x_wconf 90' lang='lat' dir='ltr'>in</span> <span class='ocrx_word' id='word_1_13' title='bbox 942 838 1710 956; x_wconf 81' lang='lat' dir='ltr'>generationum</span> <span class='ocrx_word' id='word_1_14' title='bbox 1771 836 2030 929; x_wconf 91' lang='lat' dir='ltr'>serie</span> <span class='ocrx_word' id='word_1_15' title='bbox 2089 872 2277 963; x_wconf 82' lang='lat' dir='ltr'>spe-</span> 
     </span>
     <span class='ocr_line' id='line_1_4' title="bbox 353 978 2276 1100; baseline -0.002 -24"><span class='ocrx_word' id='word_1_16' title='bbox 353 994 567 1076; x_wconf 83' lang='lat' dir='ltr'>ciem</span> <span class='ocrx_word' id='word_1_17' title='bbox 663 982 1200 1075; x_wconf 87' lang='lat' dir='ltr'>constituit.</span> <span class='ocrx_word' id='word_1_18' title='bbox 1350 978 1970 1092; x_wconf 83' lang='lat' dir='ltr'>Vegetabilia</span> <span class='ocrx_word' id='word_1_19' title='bbox 2061 1009 2276 1100; x_wconf 84' lang='lat' dir='ltr'>spe-</span> 
     </span>
     <span class='ocr_line' id='line_1_5' title="bbox 355 1118 2177 1235; baseline -0.002 -20"><span class='ocrx_word' id='word_1_20' title='bbox 355 1127 614 1215; x_wconf 90' lang='lat' dir='ltr'>ciem</span> <span class='ocrx_word' id='word_1_21' title='bbox 677 1118 965 1213; x_wconf 87' lang='lat' dir='ltr'>suam</span> <span class='ocrx_word' id='word_1_22' title='bbox 1030 1118 1632 1213; x_wconf 83' lang='lat' dir='ltr'>conservare</span> <span class='ocrx_word' id='word_1_23' title='bbox 1692 1120 2177 1235; x_wconf 83' lang='lat' dir='ltr'>nituntur.</span> 
     </span>
    </p>
   </div>
   <div class='ocr_carea' id='block_1_3' title="bbox 175 1344 2308 4184">
    <p class='ocr_par' dir='ltr' id='par_1_3' title="bbox 235 1344 2290 2249">
     <span class='ocr_line' id='line_1_6' title="bbox 419 1344 2279 1442; baseline 0 -19"><span class='ocrx_word' id='word_1_24' title='bbox 419 1346 753 1423; x_wconf 85' lang='lat' dir='ltr'>Nullum</span> <span class='ocrx_word' id='word_1_25' title='bbox 830 1344 1341 1422; x_wconf 88' lang='lat' dir='ltr'>individuum</span> <span class='ocrx_word' id='word_1_26' title='bbox 1414 1344 1507 1419; x_wconf 90' lang='lat' dir='ltr'>in</span> <span class='ocrx_word' id='word_1_27' title='bbox 1577 1365 1827 1439; x_wconf 82' lang='lat' dir='ltr'>reguo</span> <span class='ocrx_word' id='word_1_28' title='bbox 1904 1345 2279 1442; x_wconf 80' lang='lat' dir='ltr'>organico</span> 
     </span>
     <span class='ocr_line' id='line_1_7' title="bbox 240 1458 2280 1560; baseline 0.001 -25"><span class='ocrx_word' id='word_1_29' title='bbox 240 1459 454 1536; x_wconf 86' lang='lat' dir='ltr'>alteri</span> <span class='ocrx_word' id='word_1_30' title='bbox 513 1460 745 1560; x_wconf 84' lang='lat' dir='ltr'>plane</span> <span class='ocrx_word' id='word_1_31' title='bbox 807 1459 1065 1535; x_wconf 91' lang='lat' dir='ltr'>simile</span> <span class='ocrx_word' id='word_1_32' title='bbox 1128 1472 1273 1547; x_wconf 87' lang='lat' dir='ltr'>est,</span> <span class='ocrx_word' id='word_1_33' title='bbox 1344 1458 1464 1533; x_wconf 88' lang='lat' dir='ltr'>uti</span> <span class='ocrx_word' id='word_1_34' title='bbox 1527 1483 1769 1559; x_wconf 88' lang='lat' dir='ltr'>supra</span> <span class='ocrx_word' id='word_1_35' title='bbox 1835 1460 2280 1559; x_wconf 83' lang='lat' dir='ltr'>expositum</span> 
     </span>
     <span class='ocr_line' id='line_1_8' title="bbox 244 1571 2282 1676; baseline 0.001 -26"><span class='ocrx_word' id='word_1_36' title='bbox 244 1588 377 1652; x_wconf 89' lang='lat' dir='ltr'>est.</span> <span class='ocrx_word' id='word_1_37' title='bbox 495 1572 869 1672; x_wconf 84' lang='lat' dir='ltr'>Ejusdem</span> <span class='ocrx_word' id='word_1_38' title='bbox 943 1571 1227 1676; x_wconf 86' lang='lat' dir='ltr'>speciei</span> <span class='ocrx_word' id='word_1_39' title='bbox 1305 1585 1512 1648; x_wconf 90' lang='lat' dir='ltr'>certe</span> <span class='ocrx_word' id='word_1_40' title='bbox 1585 1586 1772 1647; x_wconf 90' lang='lat' dir='ltr'>sunt</span> <span class='ocrx_word' id='word_1_41' title='bbox 1849 1571 2282 1663; x_wconf 84' lang='lat' dir='ltr'>individua,</span> 
     </span>
     <span class='ocr_line' id='line_1_9' title="bbox 243 1685 2283 1791; baseline 0.001 -28"><span class='ocrx_word' id='word_1_42' title='bbox 243 1713 443 1790; x_wconf 87' lang='lat' dir='ltr'>quae</span> <span class='ocrx_word' id='word_1_43' title='bbox 516 1713 602 1763; x_wconf 84' lang='lat' dir='ltr'>ex</span> <span class='ocrx_word' id='word_1_44' title='bbox 671 1687 961 1764; x_wconf 91' lang='lat' dir='ltr'>iisdem</span> <span class='ocrx_word' id='word_1_45' title='bbox 1030 1685 1492 1791; x_wconf 86' lang='lat' dir='ltr'>parentibus</span> <span class='ocrx_word' id='word_1_46' title='bbox 1563 1700 1894 1786; x_wconf 87' lang='lat' dir='ltr'>pronata</span> <span class='ocrx_word' id='word_1_47' title='bbox 1965 1686 2283 1765; x_wconf 81' lang='lat' dir='ltr'>fuerint.</span> 
     </span>
     <span class='ocr_line' id='line_1_10' title="bbox 239 1798 2286 1902; baseline 0 -23"><span class='ocrx_word' id='word_1_48' title='bbox 239 1802 481 1899; x_wconf 83' lang='lat' dir='ltr'>Quod</span> <span class='ocrx_word' id='word_1_49' title='bbox 529 1827 755 1890; x_wconf 89' lang='lat' dir='ltr'>vero,</span> <span class='ocrx_word' id='word_1_50' title='bbox 823 1827 1010 1877; x_wconf 91' lang='lat' dir='ltr'>cum</span> <span class='ocrx_word' id='word_1_51' title='bbox 1063 1801 1162 1878; x_wconf 93' lang='lat' dir='ltr'>de</span> <span class='ocrx_word' id='word_1_52' title='bbox 1210 1798 1579 1902; x_wconf 80' lang='lat' dir='ltr'><strong>plurimis</strong></span> <span class='ocrx_word' id='word_1_53' title='bbox 1631 1800 2099 1899; x_wconf 81' lang='lat' dir='ltr'>experientia</span> <span class='ocrx_word' id='word_1_54' title='bbox 2151 1803 2286 1878; x_wconf 85' lang='lat' dir='ltr'>ad·-</span> 
     </span>
     <span class='ocr_line' id='line_1_11' title="bbox 238 1912 2290 2018; baseline -0.001 -24"><span class='ocrx_word' id='word_1_55' title='bbox 238 1918 540 1994; x_wconf 84' lang='lat' dir='ltr'>firmari</span> <span class='ocrx_word' id='word_1_56' title='bbox 589 1918 968 2018; x_wconf 73' lang='lat' dir='ltr'>nequeat,</span> <span class='ocrx_word' id='word_1_57' title='bbox 1036 1913 1394 2012; x_wconf 85' lang='lat' dir='ltr'>ejusdem</span> <span class='ocrx_word' id='word_1_58' title='bbox 1443 1912 1728 2016; x_wconf 86' lang='lat' dir='ltr'>speciei</span> <span class='ocrx_word' id='word_1_59' title='bbox 1781 1916 2111 2016; x_wconf 86' lang='lat' dir='ltr'>quoque</span> <span class='ocrx_word' id='word_1_60' title='bbox 2171 1915 2290 1991; x_wconf 88' lang='lat' dir='ltr'>di·</span> 
     </span>
     <span class='ocr_line' id='line_1_12' title="bbox 238 2028 2288 2134; baseline -0.002 -25"><span class='ocrx_word' id='word_1_61' title='bbox 238 2035 519 2122; x_wconf 88' lang='lat' dir='ltr'>cimus,</span> <span class='ocrx_word' id='word_1_62' title='bbox 600 2055 805 2134; x_wconf 86' lang='lat' dir='ltr'>quae</span> <span class='ocrx_word' id='word_1_63' title='bbox 879 2055 971 2107; x_wconf 88' lang='lat' dir='ltr'>ex</span> <span class='ocrx_word' id='word_1_64' title='bbox 1040 2029 1330 2105; x_wconf 90' lang='lat' dir='ltr'>iisdem</span> <span class='ocrx_word' id='word_1_65' title='bbox 1400 2028 1861 2131; x_wconf 86' lang='lat' dir='ltr'>parentibus</span> <span class='ocrx_word' id='word_1_66' title='bbox 1919 2028 2288 2132; x_wconf 85' lang='lat' dir='ltr'>pronasci</span> 
     </span>
     <span class='ocr_line' id='line_1_13' title="bbox 235 2147 659 2249; baseline -0.007 -24"><span class='ocrx_word' id='word_1_67' title='bbox 235 2147 659 2249; x_wconf 84' lang='lat' dir='ltr'>potuerint.</span> 
     </span>
    </p>

    <p class='ocr_par' dir='ltr' id='par_1_4' title="bbox 225 2254 2296 3271">
     <span class='ocr_line' id='line_1_14' title="bbox 420 2254 2290 2360; baseline -0.001 -23"><span class='ocrx_word' id='word_1_68' title='bbox 420 2266 718 2337; x_wconf 84' lang='lat' dir='ltr'>Forma</span> <span class='ocrx_word' id='word_1_69' title='bbox 777 2258 1022 2357; x_wconf 83' lang='lat' dir='ltr'>igitur</span> <span class='ocrx_word' id='word_1_70' title='bbox 1080 2282 1170 2335; x_wconf 87' lang='lat' dir='ltr'>ac</span> <span class='ocrx_word' id='word_1_71' title='bbox 1230 2254 1578 2347; x_wconf 84' lang='lat' dir='ltr'>indoles,</span> <span class='ocrx_word' id='word_1_72' title='bbox 1644 2258 1851 2360; x_wconf 77' lang='lat' dir='ltr'>q&#39;uae</span> <span class='ocrx_word' id='word_1_73' title='bbox 1907 2257 1995 2334; x_wconf 91' lang='lat' dir='ltr'>in</span> <span class='ocrx_word' id='word_1_74' title='bbox 2055 2256 2290 2356; x_wconf 82' lang='lat' dir='ltr'>gene-</span> 
     </span>
     <span class='ocr_line' id='line_1_15' title="bbox 231 2372 2289 2504; baseline -0.001 -52"><span class='ocrx_word' id='word_1_75' title='bbox 231 2376 637 2452; x_wconf 85' lang='lat' dir='ltr'>rationum</span> <span class='ocrx_word' id='word_1_76' title='bbox 698 2374 902 2450; x_wconf 82' lang='lat' dir='ltr'>serie&#39;</span> <span class='ocrx_word' id='word_1_77' title='bbox 951 2372 1338 2450; x_wconf 87' lang='lat' dir='ltr'>evanescit</span> <span class='ocrx_word' id='word_1_78' title='bbox 1384 2386 1463 2449; x_wconf 87' lang='lat' dir='ltr'>et</span> <span class='ocrx_word' id='word_1_79' title='bbox 1508 2386 1893 2463; x_wconf 86' lang='lat' dir='ltr'>mutatur,</span> <span class='ocrx_word' id='word_1_80' title='bbox 1944 2375 2289 2504; x_wconf 87' lang='lat' dir='ltr'>speciem</span> 
     </span>
     <span class='ocr_line' id='line_1_16' title="bbox 229 2484 2293 2592; baseline 0 -27"><span class='ocrx_word' id='word_1_81' title='bbox 229 2489 717 2592; x_wconf 84' lang='lat' dir='ltr'>peculiarem</span> <span class='ocrx_word' id='word_1_82' title='bbox 780 2512 950 2564; x_wconf 91' lang='lat' dir='ltr'>non</span> <span class='ocrx_word' id='word_1_83' title='bbox 1015 2486 1343 2575; x_wconf 85' lang='lat' dir='ltr'>indicat,</span> <span class='ocrx_word' id='word_1_84' title='bbox 1415 2484 1560 2563; x_wconf 85' lang='lat' dir='ltr'>sed</span> <span class='ocrx_word' id='word_1_85' title='bbox 1622 2489 2072 2566; x_wconf 82' lang='lat' dir='ltr'>varietatem</span> <span class='ocrx_word' id='word_1_86' title='bbox 2123 2488 2293 2587; x_wconf 79' lang='lat' dir='ltr'>ejus</span> 
     </span>
     <span class='ocr_line' id='line_1_17' title="bbox 239 2601 2295 2704; baseline 0 -26"><span class='ocrx_word' id='word_1_87' title='bbox 239 2602 533 2703; x_wconf 87' lang='lat' dir='ltr'>speciei</span> <span class='ocrx_word' id='word_1_88' title='bbox 551 2662 568 2689; x_wconf 90' lang='lat'>,</span> <span class='ocrx_word' id='word_1_89' title='bbox 629 2603 714 2676; x_wconf 89' lang='lat' dir='ltr'>in</span> <span class='ocrx_word' id='word_1_90' title='bbox 776 2627 1020 2704; x_wconf 86' lang='lat' dir='ltr'>quam</span> <span class='ocrx_word' id='word_1_91' title='bbox 1076 2601 1369 2677; x_wconf 79' lang='lat' dir='ltr'>transit.</span> <span class='ocrx_word' id='word_1_92' title='bbox 1484 2606 1690 2679; x_wconf 84' lang='lat' dir='ltr'>Sunt</span> <span class='ocrx_word' id='word_1_93' title='bbox 1734 2628 1923 2679; x_wconf 85' lang='lat' dir='ltr'>vero</span> <span class='ocrx_word' id='word_1_94' title='bbox 1973 2604 2131 2679; x_wconf 85' lang='lat' dir='ltr'>vari</span> <span class='ocrx_word' id='word_1_95' title='bbox 2142 2618 2295 2680; x_wconf 87' lang='lat' dir='ltr'>eta-</span> 
     </span>
     <span class='ocr_line' id='line_1_18' title="bbox 235 2714 2296 2817; baseline 0 -25"><span class='ocrx_word' id='word_1_96' title='bbox 235 2731 359 2792; x_wconf 88' lang='lat' dir='ltr'>tes</span> <span class='ocrx_word' id='word_1_97' title='bbox 422 2714 984 2804; x_wconf 84' lang='lat' dir='ltr'>hereditariae,</span> <span class='ocrx_word' id='word_1_98' title='bbox 1057 2741 1203 2817; x_wconf 88' lang='lat' dir='ltr'>per</span> <span class='ocrx_word' id='word_1_99' title='bbox 1281 2715 1608 2817; x_wconf 84' lang='lat' dir='ltr'>longa-m</span> <span class='ocrx_word' id='word_1_100' title='bbox 1689 2718 2296 2815; x_wconf 86' lang='lat' dir='ltr'>generationum</span> 
     </span>
     <span class='ocr_line' id='line_1_19' title="bbox 228 2830 2292 2933; baseline 0 -26"><span class='ocrx_word' id='word_1_101' title='bbox 228 2832 525 2908; x_wconf 90' lang='lat' dir='ltr'>seriem</span> <span class='ocrx_word' id='word_1_102' title='bbox 589 2844 1065 2917; x_wconf 79' lang='lat' dir='ltr'>constanteS,</span> <span class='ocrx_word' id='word_1_103' title='bbox 1131 2844 1474 2905; x_wconf 85' lang='lat' dir='ltr'>attamen</span> <span class='ocrx_word' id='word_1_104' title='bbox 1525 2830 1629 2905; x_wconf 88' lang='lat' dir='ltr'>ad</span> <span class='ocrx_word' id='word_1_105' title='bbox 1657 2832 1972 2931; x_wconf 60' lang='lat' dir='ltr'>‘typumi</span> <span class='ocrx_word' id='word_1_106' title='bbox 2007 2832 2292 2933; x_wconf 84' lang='lat' dir='ltr'>speciei</span> 
     </span>
     <span class='ocr_line' id='line_1_20' title="bbox 225 2942 2297 3043; baseline 0 -22"><span class='ocrx_word' id='word_1_107' title='bbox 225 2944 774 3034; x_wconf 86' lang='lat' dir='ltr'>reducendae,</span> <span class='ocrx_word' id='word_1_108' title='bbox 842 2942 1065 3043; x_wconf 89' lang='lat' dir='ltr'>cujus</span> <span class='ocrx_word' id='word_1_109' title='bbox 1133 2943 1484 3043; x_wconf 87' lang='lat' dir='ltr'>exempla</span> <span class='ocrx_word' id='word_1_110' title='bbox 1545 2944 1928 3042; x_wconf 83' lang='lat' dir='ltr'>praebent</span> <span class='ocrx_word' id='word_1_111' title='bbox 1973 2947 2297 3021; x_wconf 85' lang='lat' dir='ltr'>varieta-</span> 
     </span>
     <span class='ocr_line' id='line_1_21' title="bbox 226 3053 2297 3136; baseline -0.001 0"><span class='ocrx_word' id='word_1_112' title='bbox 226 3074 348 3136; x_wconf 88' lang='lat' dir='ltr'>tes</span> <span class='ocrx_word' id='word_1_113' title='bbox 378 3060 780 3135; x_wconf 87' lang='lat' dir='ltr'>Brassicae</span> <span class='ocrx_word' id='word_1_114' title='bbox 814 3058 1232 3134; x_wconf 86' lang='lat' dir='ltr'>oleraceae.</span> <span class='ocrx_word' id='word_1_115' title='bbox 1287 3053 1444 3133; x_wconf 88' lang='lat' dir='ltr'>Cfr.</span> <span class='ocrx_word' id='word_1_116' title='bbox 1475 3055 1982 3131; x_wconf 88' lang='lat' dir='ltr'>Beckmann’s</span> <span class='ocrx_word' id='word_1_117' title='bbox 2013 3057 2297 3133; x_wconf 91' lang='lat' dir='ltr'>Lehrb.</span> 
     </span>
     <span class='ocr_line' id='line_1_22' title="bbox 233 3171 1417 3271; baseline -0.003 -21"><span class='ocrx_word' id='word_1_118' title='bbox 233 3174 313 3250; x_wconf 89' lang='lat' dir='ltr'>d.</span> <span class='ocrx_word' id='word_1_119' title='bbox 365 3171 1090 3250; x_wconf 83' lang='lat' dir='ltr'>Landwirthschast.</span> <span class='ocrx_word' id='word_1_120' title='bbox 1141 3174 1202 3271; x_wconf 65' lang='grc' dir='ltr'>ἓ.</span> <span class='ocrx_word' id='word_1_121' title='bbox 1255 3173 1417 3247; x_wconf 93' lang='grc'><strong>162.</strong></span> 
     </span>
    </p>

    <p class='ocr_par' dir='ltr' id='par_1_5' title="bbox 178 3219 2308 4184">
     <span class='ocr_line' id='line_1_23' title="bbox 429 3219 2300 3375; baseline -0.001 -12"><span class='ocrx_word' id='word_1_122' title='bbox 429 3290 544 3363; x_wconf 86' lang='lat' dir='ltr'>Ea</span> <span class='ocrx_word' id='word_1_123' title='bbox 620 3312 812 3363; x_wconf 85' lang='lat' dir='ltr'>vero</span> <span class='ocrx_word' id='word_1_124' title='bbox 894 3284 1201 3364; x_wconf 87' lang='lat' dir='ltr'>formae</span> <span class='ocrx_word' id='word_1_125' title='bbox 1284 3311 1373 3363; x_wconf 89' lang='lat' dir='ltr'>ac</span> <span class='ocrx_word' id='word_1_126' title='bbox 1449 3282 1751 3361; x_wconf 90' lang='lat' dir='ltr'>indolis</span> <span class='ocrx_word' id='word_1_127' title='bbox 1835 3219 2300 3375; x_wconf 82' lang='lat' dir='ltr'>differentia,</span> 
     </span>
     <span class='ocr_line' id='line_1_24' title="bbox 228 3398 2301 3510; baseline 0 -33"><span class='ocrx_word' id='word_1_128' title='bbox 228 3426 444 3503; x_wconf 87' lang='lat' dir='ltr'>quae</span> <span class='ocrx_word' id='word_1_129' title='bbox 518 3400 620 3478; x_wconf 89' lang='lat' dir='ltr'>ad</span> <span class='ocrx_word' id='word_1_130' title='bbox 691 3415 977 3502; x_wconf 86' lang='lat' dir='ltr'>typum</span> <span class='ocrx_word' id='word_1_131' title='bbox 1051 3400 1492 3510; x_wconf 84' lang='lat' dir='ltr'>quendam,</span> <span class='ocrx_word' id='word_1_132' title='bbox 1567 3398 2036 3501; x_wconf 84' lang='lat' dir='ltr'>experientia</span> <span class='ocrx_word' id='word_1_133' title='bbox 2085 3414 2301 3490; x_wconf 86' lang='lat' dir='ltr'>teste,</span> 
     </span>
     <span class='ocr_line' id='line_1_25' title="bbox 222 3512 2305 3617; baseline 0.001 -28"><span class='ocrx_word' id='word_1_134' title='bbox 222 3514 512 3591; x_wconf 87' lang='lat' dir='ltr'>reduci</span> <span class='ocrx_word' id='word_1_135' title='bbox 563 3518 876 3617; x_wconf 89' lang='lat' dir='ltr'>nequit,</span> <span class='ocrx_word' id='word_1_136' title='bbox 926 3539 1073 3591; x_wconf 90' lang='lat' dir='ltr'>nec</span> <span class='ocrx_word' id='word_1_137' title='bbox 1124 3541 1215 3592; x_wconf 89' lang='lat' dir='ltr'>ex</span> <span class='ocrx_word' id='word_1_138' title='bbox 1263 3516 1418 3591; x_wconf 88' lang='lat' dir='ltr'>alio</span> <span class='ocrx_word' id='word_1_139' title='bbox 1469 3528 1681 3616; x_wconf 91' lang='lat' dir='ltr'>typo,</span> <span class='ocrx_word' id='word_1_140' title='bbox 1735 3512 2016 3602; x_wconf 85' lang='lat' dir='ltr'>eadem</span> <span class='ocrx_word' id='word_1_141' title='bbox 2078 3538 2305 3616; x_wconf 83' lang='lat' dir='ltr'>expe-</span> 
     </span>
     <span class='ocr_line' id='line_1_26' title="bbox 224 3628 2306 3750; baseline 0 -46"><span class='ocrx_word' id='word_1_142' title='bbox 224 3630 515 3706; x_wconf 88' lang='lat' dir='ltr'>rientia</span> <span class='ocrx_word' id='word_1_143' title='bbox 583 3643 811 3717; x_wconf 86' lang='lat' dir='ltr'>teste,</span> <span class='ocrx_word' id='word_1_144' title='bbox 884 3644 1151 3706; x_wconf 84' lang='lat' dir='ltr'>exorta</span> <span class='ocrx_word' id='word_1_145' title='bbox 1209 3628 1484 3718; x_wconf 85' lang='lat' dir='ltr'>fuerit,</span> <span class='ocrx_word' id='word_1_146' title='bbox 1557 3629 1902 3750; x_wconf 80' lang='lat' dir='ltr'>&#39;speciem</span> <span class='ocrx_word' id='word_1_147' title='bbox 1962 3630 2306 3730; x_wconf 86' lang='lat' dir='ltr'>peculia·-</span> 
     </span>
     <span class='ocr_line' id='line_1_27' title="bbox 178 3741 2307 3848; baseline -0 -29"><span class='ocrx_word' id='word_1_148' title='bbox 178 3768 411 3819; x_wconf 88' lang='lat' dir='ltr'>-rem</span> <span class='ocrx_word' id='word_1_149' title='bbox 480 3745 907 3821; x_wconf 88' lang='lat' dir='ltr'>constituit.</span> <span class='ocrx_word' id='word_1_150' title='bbox 1024 3746 1543 3848; x_wconf 89' lang='lat' dir='ltr'>Subspeciem</span> <span class='ocrx_word' id='word_1_151' title='bbox 1605 3741 1850 3831; x_wconf 80' lang='lat' dir='ltr'>dicaS,</span> <span class='ocrx_word' id='word_1_152' title='bbox 1926 3767 2132 3844; x_wconf 84' lang='lat' dir='ltr'>quae</span> <span class='ocrx_word' id='word_1_153' title='bbox 2182 3767 2307 3818; x_wconf 86' lang='lat' dir='ltr'>ex-</span> 
     </span>
     <span class='ocr_line' id='line_1_28' title="bbox 228 3853 2303 3961; baseline 0.001 -29"><span class='ocrx_word' id='word_1_154' title='bbox 228 3872 413 3954; x_wconf 79' lang='lat' dir='ltr'>orta</span> <span class='ocrx_word' id='word_1_155' title='bbox 487 3853 855 3935; x_wconf 85' lang='lat' dir='ltr'>videtur</span> <span class='ocrx_word' id='word_1_156' title='bbox 891 3881 981 3935; x_wconf 86' lang='lat' dir='ltr'>ex</span> <span class='ocrx_word' id='word_1_157' title='bbox 1054 3858 1210 3934; x_wconf 86' lang='lat' dir='ltr'>alio</span> <span class='ocrx_word' id='word_1_158' title='bbox 1285 3873 1509 3961; x_wconf 85' lang='lat' dir='ltr'>typo,</span> <span class='ocrx_word' id='word_1_159' title='bbox 1582 3857 1963 3935; x_wconf 87' lang='lat' dir='ltr'>hactenus</span> <span class='ocrx_word' id='word_1_160' title='bbox 2036 3870 2303 3934; x_wconf 84' lang='lat' dir='ltr'>tamen</span> 
     </span>
     <span class='ocr_line' id='line_1_29' title="bbox 175 3963 2308 4102; baseline 0.001 -56.084"><span class='ocrx_word' id='word_1_161' title='bbox 175 3994 412 4047; x_wconf 87' lang='lat' dir='ltr'>non</span> <span class='ocrx_word' id='word_1_162' title='bbox 461 3971 789 4051; x_wconf 86' lang='lat' dir='ltr'>reducta</span> <span class='ocrx_word' id='word_1_163' title='bbox 843 3989 974 4049; x_wconf 81' lang='lat' dir='ltr'>est.</span> <span class='ocrx_word' id='word_1_164' title='bbox 1069 3977 1185 4051; x_wconf 88' lang='lat' dir='ltr'>Ex</span> <span class='ocrx_word' id='word_1_165' title='bbox 1236 3973 1390 4049; x_wconf 85' lang='lat' dir='ltr'>alio</span> <span class='ocrx_word' id='word_1_166' title='bbox 1439 3986 1632 4075; x_wconf 86' lang='lat' dir='ltr'>typo</span> <span class='ocrx_word' id='word_1_167' title='bbox 1675 3963 1991 4047; x_wconf 86' lang='lat' dir='ltr'>videtur</span> <span class='ocrx_word' id='word_1_168' title='bbox 2024 3985 2308 4102; x_wconf 85' lang='lat' dir='ltr'>exorta,</span> 
     </span>
     <span class='ocr_line' id='line_1_30' title="bbox 236 4084 1939 4184; baseline -0.001 -23"><span class='ocrx_word' id='word_1_169' title='bbox 236 4084 431 4184; x_wconf 87' lang='lat' dir='ltr'>quia</span> <span class='ocrx_word' id='word_1_170' title='bbox 482 4088 696 4166; x_wconf 88' lang='lat' dir='ltr'>notis</span> <span class='ocrx_word' id='word_1_171' title='bbox 750 4086 1039 4176; x_wconf 83' lang='lat' dir='ltr'>differt,</span> <span class='ocrx_word' id='word_1_172' title='bbox 1073 4088 1259 4167; x_wconf 85' lang='lat' dir='ltr'>alias</span> <span class='ocrx_word' id='word_1_173' title='bbox 1288 4085 1939 4165; x_wconf 80' lang='lat' dir='ltr'>inconstantibus</span> 
     </span>
    </p>
   </div>
  </div>
 </body>
</html>
