2843 4800
512 305 687 390 ³:372
1068 283 1069 286 ‘
1107 263 1119 274 ”
1219 293 1872 404 ·.·QUM'.1TAs

506 497 881 616 imperio
942 507 1201 650 istius
1236 499 1365 584 vis
1434 503 1897 593 'universalis
1969 502 2274 602 singula
2349 502 2599 605 perfi-

543 623 845 772 ciunt.

686 737 933 813 Olea
996 721 1399 812 aetherea
1424 734 1712 812 omnia
1759 731 2010 831 magis
2071 731 2440 807 minusve
2503 731 2601 805 in

540 781 1163 925 incitabilitatem
1220 862 1506 947 agunt,
1569 848 1895 949 pulsum
1960 847 2249 944 augent
2321 858 2400 922 et
2471 868 2602 924 ca-

541 962 829 1052 lorem,
893 961 1163 1039 forsan
1229 961 1815 1062 susceptionem
1879 959 2279 1037 carbonici
2326 960 2413 1033 in
2462 982 2603 1034 ve-

541 1100 681 1166 nas
745 1075 1273 1184 accelerando.
1386 1082 1611 1174 Quae
1690 1072 2205 1174 hydrogeneo
2297 1086 2601 1152 scatent
2708 1089 2721 1108 ·

526 1177 671 1266 'uti
742 1191 914 1267 olea
995 1170 1447 1298 fragrantia,
1543 1191 1792 1288 magis
1876 1189 2260 1274 excitant,
2339 1212 2601 1287 quam

518 1291 750 1404 '‘quae
822 1295 1242 1396 carbonico
1327 1302 1650 1380 foetent.
1776 1300 2115 1380 Alcohol
2186 1314 2264 1377 et
2324 1300 2602 1375 aether

518 1417 781 1493 ¹simili
844 1432 1118 1516 agunt
1145 1415 1400 1492 modo
1459 1418 1582 1493 uti
1650 1417 1840 1500 olea
1879 1414 2319 1513 fragrantia.
2411 1415 2600 1490 Aci-

434 1539 441 1558 ³
543 1529 742 1610 dum
790 1530 1463 1629 hydrocyanicum
1508 1554 1806 1629 magna·
1842 1531 2046 1608 azoti
2094 1530 2319 1632 copia
2368 1553 2597 1630 prae-

542 1645 801 1721 ditum
849 1645 1164 1722 videtur
1212 1644 1871 1722 contrastimulus.

735 1765 957 1857 Quae
1040 1756 1430 1858 majorem
1520 1761 1833 1859 copiam
1924 1758 2333 1834 continent
2409 1780 2594 1853 oxy-

539 1871 766 1973 genei
848 1872 967 1948 uti
1063 1873 1609 1971 mucilagineS,
1719 1872 2198 1959 saccharum,
2300 1868 2594 1968 gluten,

539 1984 1149 2062 indifferentem
1176 1987 1493 2062 habent
1566 1987 1977 2062 actionem.
2089 1990 2305 2062 Huc
2390 2008 2596 2085 quo-

541 2121 698 2200 que
764 2097 1276 2175 referendum
1314 2115 1453 2175 'est
1517 2100 1788 2176 oleum
1846 2099 2163 2201 pingue.
2262 2099 2595 2174 Contra-

539 2211 835 2286 stimuli
901 2226 1116 2320 sunt,
1183 2225 1259 2287 at
1317 2213 1617 2289 relativi
1666 2226 2009 2302 tantum,
2075 2212 2272 2288 dum
2323 2210 2592 2289 minus

538 2325 870 2403 ex'citant
917 2348 1161 2443 quam
1207 2300 1780 2427 praecedentes.

624 2440 631 2451 ’
728 2437 971 2513 Acida
1020 2425 1483 2539 oxygenata,
1533 2442 1684 2518 nisi
1736 2441 2085 2517 chemica
2123 2466 2262 2516 sua
2295 2439 2592 2526 indole,

537 2538 825 2664 parum
876 2550 1247 2629 efficiunt.
1350 2557 1782 2654 Oxyg'eneo
1826 2578 1975 2628 suo
2030 2555 2587 2631 accumulatio-

534 2690 729 2741 nem
780 2665 1215 2742 carbomci
1222 2669 1310 2743 in
1358 2670 1577 2745 venis
1630 2665 2126 2756 diminuunt,
2179 2669 2365 2744 hinc
2411 2693 2590 2744 mo-

538 2795 666 2857 tus
731 2778 1047 2856 febriles
1114 2796 1680 2883 compescunt.
1757 2784 2090 2860 Acetum
2141 2783 2249 2858 ob
2297 2772 2632 2880 hydro-¹

539 2893 767 3005 genei
820 2894 1132 2994 copiam
1181 2902 1471 2996 Parum
1522 2897 1814 3001 excitat.

722 3004 960 3082 ‘Vires
1040 2996 1444 3106 generales
1526 3012 1795 3113 primo
1885 3010 2069 3086 loco
2142 3010 2229 3085 in
2300 3024 2589 3086 tonum

539 3110 1087 3195 membranae
1118 3122 1457 3198 directae
1516 3137 1736 3212 sunt,
1801 3149 2005 3226 quae
2070 3137 2205 3200 aut
2253 3138 2591 3221 augeant

544 3231 998 3332 (styptica),
1067 3249 1201 3310 aut
1267 3236 1724 3314 diminuant
1770 3238 2386 3337 (emollientia),
2462 3251 2592 3313 aut

538 3343 950 3421 destruant
1026 3349 1605 3446 (arsenicum).
1685 3352 2010 3430 ³Virtus
2103 3377 2250 3454 per
2327 3366 2590 3426 totum

544 3451 1021 3534 contextum*
1065 3461 1537 3538 cellulosum
1614 3479 2097 3568 propagatur
2135 3466 2250 3541 *et'
2298 3466 2591 3566 absque

457 3573 461 3577 ’
542 3571 800 3647 'nervis
848 3572 966 3648 uti
1017 3573 1102 3648 in
1150 3575 1339 3676 ipsis
1387 3576 1752 3654 videmus
1787 3578 2108 3679 -plantis

738 3690 954 3761 Tum
1007 3712 1339 3789 quoque.
1373 3689 1463 3765 in
1495 3705 1825 3787 systema
1864 3704 2297 3768 nervorum
2334 3705 2588 3790 agunt.

542 3798 795 3875 Habet
825 3895 832 3901 q
865 3822 1053 3877 vero
1129 3801 1376 3877 hocce
1450 3819 1783 3901 systema
1860 3804 2069 3881 duos
2139 3805 2377 3907 polos
2441 3806 2590 3881 sibi

542 3908 974 4013 oppositOS,
1058 3917 1508 3993 sensorium
1584 3932 1661 3993 et
1732 3920 2199 3995 motorium.
2347 3918 2588 4014 Quod

536 4040 799 4101 unum
861 4030 1165 4119 excitat,
1198 4024 1567 4106 'alterum
1616 4031 2008 4135 deprimit.
2105 4030 2588 4130 Huiusmodi
