2843 4800
1133 391 1269 464 FL
1290 391 1360 467 O
1384 391 1457 465 S.
2168 392 2315 467 275

255 591 605 697 pissime
649 588 975 666 cellulae
1040 589 1530 690 compositae
1596 594 1784 664 sunt
1844 603 1924 666 et
1984 588 2314 693 quidem

261 706 831 804 subglobosae.
936 708 1122 780 Non
1204 729 1386 779 raro
1461 703 1788 781 lacunae
1858 705 1943 781 in
2019 707 2317 784 corolla

260 821 788 922 reperiuntur.

455 934 694 1010 Nervi
763 933 1196 1027 teneriores
1270 946 1456 1007 sunt
1518 934 1604 1008 in
1671 933 1987 1010 corolla.
2106 938 2316 1012 Con·

262 1063 470 1125 stant
556 1074 599 1125 e
686 1048 882 1122 vasis
956 1045 1373 1147 spiralibus
1446 1046 1956 1123 interioribus
2029 1051 2318 1150 paucis,

259 1164 657 1238 rarissime
719 1176 988 1237 tamen
1047 1161 1290 1236 unico
1363 1175 1441 1236 et
1501 1161 1701 1235 vasis
1750 1159 2065 1238 fibrosis
2117 1178 2318 1240 exte-

261 1277 611 1353 rioribus
674 1301 839 1350 non
902 1276 1172 1352 minus
1236 1276 1527 1377 paucis.
1637 1275 1893 1351 Petala
1961 1291 2095 1353 aut
2143 1303 2320 1355 ner-

261 1416 459 1465 vum
523 1389 885 1465 medium
950 1390 1384 1466 indivisum
1468 1389 1765 1465 habent
1841 1390 1940 1466 ad
2016 1393 2320 1493 apicem

270 1516 810 1580 excurrentem
885 1505 1831 1601 (Mesembrianthemum
1917 1507 2318 1603 aureum).

273 1633 410 1693 aut
484 1641 814 1692 nervum
879 1620 1240 1695 medium
1332 1633 1873 1694 excurrentem
1958 1620 2320 1708 divisum,

273 1746 410 1808 aut
470 1756 799 1809 nervum
865 1733 1250 1809 divisione
1326 1758 1597 1809 versus
1673 1733 2064 1809 ambitum
2130 1734 2322 1810 deli-

270 1863 777 1949 quescentem
831 1849 1470 1946 (Herrmanniae‚
1547 1847 1910 1947 Lopezia,
1980 1848 2322 1949 Papilio-

264 1966 632 2060 naceae),
716 1977 851 2037 aut
921 1986 1206 2037 nervos
1279 1961 1545 2062 plures
1607 1986 1877 2036 versus
1928 1962 2321 2037 ambitum

266 2076 887 2179 deliquescentes
939 2075 1363 2173 (Camellia
1384 2076 1439 2171 ).

455 2196 668 2267 Bene
764 2191 1005 2288 igitur
1102 2190 1409 2285 Goethe
1510 2189 1722 2287 (Zur
1813 2190 2321 2291 Morpholog.

262 2333 336 2408 p.
418 2307 585 2406 20.)
671 2304 1054 2379 corollam
1136 2298 1487 2381 reditum
1572 2301 1672 2377 ad
1758 2306 2321 2406 expansionem

261 2436 508 2497 vocat.
635 2419 791 2497 Sed
867 2419 1269 2495 interdum
1345 2417 1513 2495 non
1576 2432 1742 2494 tota
1806 2420 2104 2497 corolla
2170 2418 2321 2497 hac

267 2536 742 2634 expansione
806 2532 1102 2609 adfecta
1175 2548 1319 2620 est,
1389 2531 1526 2608 sed
1579 2559 1760 2633 pars
1807 2550 2159 2624 tantum,
2210 2536 2322 2611 sic

267 2648 640 2724 vexillum
730 2647 1070 2723 corollae
1158 2647 1743 2749 papilionaceae
1826 2649 2064 2724 habet
2144 2673 2323 2723 ner-

262 2789 459 2838 vum
513 2762 1176 2863 deliquescentem
1229 2763 1726 2863 expansionis
1777 2762 2114 2860 signum,
2155 2761 2322 2838 alae

262 2904 451 2954 vero
507 2892 582 2952 et
632 2877 889 2952 carina
940 2877 1197 2953 nervis
1251 2876 1840 2952 excurrentibus
1889 2877 2160 2976 minus
2195 2901 2322 2953 ex-

260 2992 524 3096 pansis
572 2992 995 3067 instructae
1043 3003 1247 3066 sunt.

456 3109 549 3181 In
620 3105 1152 3206 monopetalis
1215 3129 1340 3179 res
1404 3102 1515 3179 sic
1578 3128 1745 3179 sese
1798 3101 2050 3179 habet.
2147 3103 2320 3181 Ple-

261 3246 609 3320 rumque
670 3245 960 3295 nervus
1018 3244 1165 3320 per
1222 3210 1587 3294 medium
1651 3231 2151 3315 segmentum
2218 3215 2319 3294 ad

261 3334 566 3434 apicem
600 3359 858 3435 usque
895 3334 1267 3422 decurrit,
1321 3347 1397 3408 et
1432 3332 1626 3407 alius
1658 3332 1865 3407 inter
1913 3346 2318 3431 segmenta

260 3447 783 3525 intermedius
867 3473 1208 3548 superne
1270 3447 1719 3546 bipartituS,
1800 3433 2156 3528 ramulos
2217 3446 2320 3523 ad

261 3577 662 3661 segmenta
740 3563 1027 3636 emittit
1119 3561 1217 3637 ad
1306 3562 1698 3658 marg-ines
1791 3560 2318 3648 decurrenteS,

258 3701 450 3751 mox
502 3690 1065 3751 evanescentes.
1163 3674 1366 3751 Hinc
1403 3675 1828 3752 credideris
1861 3678 2113 3778 petala
2147 3700 2316 3751 non
2387 3757 2397 3780 ‚

176 3783 181 3790 ’
261 3790 722 3891 simpliciter
787 3815 952 3866 esse
1012 3802 1350 3865 connata
1414 3790 1501 3863 in
1565 3785 1946 3866 corollam
2025 3812 2317 3867 mono-

259 3905 639 4005 petalam,
708 3904 849 3980 sed
912 3903 1371 4005 ope·partis
1433 3897 1964 3979 intermediae.
2074 3907 2318 3978 Inter-

262 4018 462 4094 dum
540 4017 707 4094 duo
790 4020 1012 4120 <nervi
1086 4018 1535 4096 intermedii
1603 4017 1906 4094 adsunt.
1971 4021 2317 4114 ¹Versus

255 4132 483 4209 basin
535 4158 714 4208 vasa
767 4134 1072 4234 spiralia
1115 4131 1458 4210 subinde
1491 4132 2057 4210 oblitterantur.
2158 4133 2314 4208 Co-

1569 4251 1665 4324 18
1689 4252 1718 4288 *
