<?xml version="1.0" encoding="UTF-8"?>
<!DOCTYPE html PUBLIC "-//W3C//DTD XHTML 1.0 Transitional//EN"
    "http://www.w3.org/TR/xhtml1/DTD/xhtml1-transitional.dtd">
<html xmlns="http://www.w3.org/1999/xhtml" xml:lang="en" lang="en">
 <head>
  <title>
</title>
<meta http-equiv="Content-Type" content="text/html;charset=utf-8" />
  <meta name='ocr-system' content='tesseract 3.04.00' />
  <meta name='ocr-capabilities' content='ocr_page ocr_carea ocr_par ocr_line ocrx_word'/>
</head>
<body>
  <div class='ocr_page' id='page_1' title='image "./elementaphiloso01linkgoog_0271.png"; bbox 0 0 2843 4800; ppageno 0'>
   <div class='ocr_carea' id='block_1_1' title="bbox 1157 306 2335 384">
    <p class='ocr_par' dir='ltr' id='par_1_1' title="bbox 1157 306 2335 384">
     <span class='ocr_line' id='line_1_1' title="bbox 1157 306 2335 384; baseline 0.003 -3"><span class='ocrx_word' id='word_1_1' title='bbox 1157 306 1471 383; x_wconf 85' lang='lat' dir='ltr'><strong>FLOS.</strong></span> <span class='ocrx_word' id='word_1_2' title='bbox 2189 308 2335 384; x_wconf 79' lang='lat'>263</span> 
     </span>
    </p>
   </div>
   <div class='ocr_carea' id='block_1_2' title="bbox 259 499 2327 2420">
    <p class='ocr_par' dir='ltr' id='par_1_2' title="bbox 274 499 2327 919">
     <span class='ocr_line' id='line_1_2' title="bbox 476 499 2327 603; baseline 0 -25"><span class='ocrx_word' id='word_1_3' title='bbox 476 499 932 578; x_wconf 81' lang='lat' dir='ltr'>Nectarium</span> <span class='ocrx_word' id='word_1_4' title='bbox 993 501 1434 580; x_wconf 86' lang='lat' dir='ltr'>secundum</span> <span class='ocrx_word' id='word_1_5' title='bbox 1497 503 1936 579; x_wconf 81' lang='lat' dir='ltr'>Linnaeum</span> <span class='ocrx_word' id='word_1_6' title='bbox 1987 514 2064 579; x_wconf 79' lang='lat' dir='ltr'>et</span> <span class='ocrx_word' id='word_1_7' title='bbox 2106 526 2327 603; x_wconf 85' lang='lat' dir='ltr'>prae·</span> 
     </span>
     <span class='ocr_line' id='line_1_3' title="bbox 280 614 2320 716; baseline 0 -25"><span class='ocrx_word' id='word_1_8' title='bbox 280 615 552 692; x_wconf 84' lang='lat' dir='ltr'>sertim</span> <span class='ocrx_word' id='word_1_9' title='bbox 621 614 1149 691; x_wconf 89' lang='lat' dir='ltr'>Schreberum</span> <span class='ocrx_word' id='word_1_10' title='bbox 1217 615 1839 716; x_wconf 86' lang='lat' dir='ltr'>(phycostemon</span> <span class='ocrx_word' id='word_1_11' title='bbox 1919 614 2320 716; x_wconf 73' lang='lat' dir='ltr'>Tul-pini),</span> 
     </span>
     <span class='ocr_line' id='line_1_4' title="bbox 277 726 2318 831; baseline -0.001 -26"><span class='ocrx_word' id='word_1_12' title='bbox 277 728 625 806; x_wconf 82' lang='lat' dir='ltr'>lodicula</span> <span class='ocrx_word' id='word_1_13' title='bbox 702 726 1146 804; x_wconf 89' lang='lat' dir='ltr'>secundum</span> <span class='ocrx_word' id='word_1_14' title='bbox 1217 729 1624 818; x_wconf 87' lang='lat' dir='ltr'>Beauvois,</span> <span class='ocrx_word' id='word_1_15' title='bbox 1702 728 1802 806; x_wconf 90' lang='lat' dir='ltr'>ad</span> <span class='ocrx_word' id='word_1_16' title='bbox 1879 726 2318 831; x_wconf 87' lang='lat' dir='ltr'>parapetala</span> 
     </span>
     <span class='ocr_line' id='line_1_5' title="bbox 274 840 971 919; baseline -0.004 0"><span class='ocrx_word' id='word_1_17' title='bbox 274 840 789 919; x_wconf 88' lang='lat' dir='ltr'>referendum</span> <span class='ocrx_word' id='word_1_18' title='bbox 840 854 971 916; x_wconf 86' lang='lat' dir='ltr'>est.</span> 
     </span>
    </p>

    <p class='ocr_par' dir='ltr' id='par_1_3' title="bbox 271 944 2315 1397">
     <span class='ocr_line' id='line_1_6' title="bbox 340 944 2315 1056; baseline -0.001 -23"><span class='ocrx_word' id='word_1_19' title='bbox 340 944 359 957; x_wconf 68' lang='grc'><em>’</em></span> <span class='ocrx_word' id='word_1_20' title='bbox 469 953 942 1033; x_wconf 88' lang='lat' dir='ltr'>Richardius</span> <span class='ocrx_word' id='word_1_21' title='bbox 1004 954 1358 1052; x_wconf 79' lang='lat' dir='ltr'><strong>glumam</strong></span> <span class='ocrx_word' id='word_1_22' title='bbox 1408 954 1831 1052; x_wconf 86' lang='lat' dir='ltr'>calycinam</span> <span class='ocrx_word' id='word_1_23' title='bbox 1882 955 2315 1056; x_wconf 90' lang='lat' dir='ltr'>lepicenam</span> 
     </span>
     <span class='ocr_line' id='line_1_7' title="bbox 273 1066 2315 1172; baseline 0.001 -30"><span class='ocrx_word' id='word_1_24' title='bbox 273 1082 535 1156; x_wconf 81' lang='lat' dir='ltr'>vocat,</span> <span class='ocrx_word' id='word_1_25' title='bbox 597 1066 1068 1144; x_wconf 90' lang='lat' dir='ltr'>corollinam</span> <span class='ocrx_word' id='word_1_26' title='bbox 1130 1067 1521 1165; x_wconf 82' lang='lat' dir='ltr'><strong>glumam,</strong></span> <span class='ocrx_word' id='word_1_27' title='bbox 1586 1068 2088 1172; x_wconf 86' lang='lat' dir='ltr'>perigynium</span> <span class='ocrx_word' id='word_1_28' title='bbox 2146 1069 2315 1167; x_wconf 82' lang='lat' dir='ltr'>glu-</span> 
     </span>
     <span class='ocr_line' id='line_1_8' title="bbox 271 1178 2313 1284; baseline 0 -26"><span class='ocrx_word' id='word_1_29' title='bbox 271 1181 594 1260; x_wconf 91' lang='lat' dir='ltr'>mellam</span> <span class='ocrx_word' id='word_1_30' title='bbox 639 1194 715 1256; x_wconf 95' lang='lat' dir='ltr'>et</span> <span class='ocrx_word' id='word_1_31' title='bbox 763 1178 928 1278; x_wconf 82' lang='lat' dir='ltr'>ejus</span> <span class='ocrx_word' id='word_1_32' title='bbox 958 1180 1222 1284; x_wconf 89' lang='lat' dir='ltr'>phylla</span> <span class='ocrx_word' id='word_1_33' title='bbox 1269 1182 1533 1284; x_wconf 88' lang='lat' dir='ltr'>paleas</span> <span class='ocrx_word' id='word_1_34' title='bbox 1583 1181 2047 1258; x_wconf 90' lang='lat' dir='ltr'>nominibus</span> <span class='ocrx_word' id='word_1_35' title='bbox 2095 1180 2313 1259; x_wconf 90' lang='lat' dir='ltr'>haud</span> 
     </span>
     <span class='ocr_line' id='line_1_9' title="bbox 273 1293 730 1397; baseline -0.004 -27"><span class='ocrx_word' id='word_1_36' title='bbox 273 1293 730 1397; x_wconf 83' lang='lat' dir='ltr'><strong>probandis.</strong></span> 
     </span>
    </p>

    <p class='ocr_par' dir='ltr' id='par_1_4' title="bbox 259 1406 2311 2420">
     <span class='ocr_line' id='line_1_10' title="bbox 378 1406 2311 1486; baseline -0.001 -2"><span class='ocrx_word' id='word_1_37' title='bbox 378 1409 895 1485; x_wconf 79' lang='lat' dir='ltr'>Calathidium</span> <span class='ocrx_word' id='word_1_38' title='bbox 940 1408 1223 1485; x_wconf 90' lang='lat' dir='ltr'>Mirbel</span> <span class='ocrx_word' id='word_1_39' title='bbox 1289 1422 1365 1484; x_wconf 91' lang='lat' dir='ltr'>et</span> <span class='ocrx_word' id='word_1_40' title='bbox 1412 1407 1712 1486; x_wconf 89' lang='lat' dir='ltr'>Cassini</span> <span class='ocrx_word' id='word_1_41' title='bbox 1759 1406 2047 1484; x_wconf 88' lang='lat' dir='ltr'>florem</span> <span class='ocrx_word' id='word_1_42' title='bbox 2092 1432 2311 1484; x_wconf 89' lang='lat' dir='ltr'>com·-</span> 
     </span>
     <span class='ocr_line' id='line_1_11' title="bbox 271 1520 2309 1624; baseline -0.001 -26"><span class='ocrx_word' id='word_1_43' title='bbox 271 1522 630 1624; x_wconf 89' lang='lat' dir='ltr'>positum</span> <span class='ocrx_word' id='word_1_44' title='bbox 690 1546 832 1598; x_wconf 92' lang='lat' dir='ltr'>seu</span> <span class='ocrx_word' id='word_1_45' title='bbox 895 1520 1370 1598; x_wconf 89' lang='lat' dir='ltr'>anthodium</span> <span class='ocrx_word' id='word_1_46' title='bbox 1441 1522 2084 1623; x_wconf 88' lang='lat' dir='ltr'>Compositarum</span> <span class='ocrx_word' id='word_1_47' title='bbox 2135 1535 2309 1621; x_wconf 83' lang='lat' dir='ltr'>apte</span> 
     </span>
     <span class='ocr_line' id='line_1_12' title="bbox 274 1634 2306 1736; baseline 0.001 -29"><span class='ocrx_word' id='word_1_48' title='bbox 274 1648 670 1710; x_wconf 82' lang='lat' dir='ltr'>vocarunt.</span> <span class='ocrx_word' id='word_1_49' title='bbox 794 1634 950 1712; x_wconf 87' lang='lat' dir='ltr'>Sed</span> <span class='ocrx_word' id='word_1_50' title='bbox 1000 1634 1154 1711; x_wconf 88' lang='lat' dir='ltr'>flos</span> <span class='ocrx_word' id='word_1_51' title='bbox 1204 1636 1693 1736; x_wconf 83' lang='lat' dir='ltr'>compositus</span> <span class='ocrx_word' id='word_1_52' title='bbox 1742 1634 2306 1711; x_wconf 88' lang='lat' dir='ltr'>tantummodo</span> 
     </span>
     <span class='ocr_line' id='line_1_13' title="bbox 273 1746 2307 1850; baseline 0.001 -28"><span class='ocrx_word' id='word_1_53' title='bbox 273 1746 428 1824; x_wconf 89' lang='lat' dir='ltr'>dici</span> <span class='ocrx_word' id='word_1_54' title='bbox 478 1754 839 1837; x_wconf 86' lang='lat' dir='ltr'>meretur,</span> <span class='ocrx_word' id='word_1_55' title='bbox 891 1749 1240 1850; x_wconf 83' lang='lat' dir='ltr'>quiante</span> <span class='ocrx_word' id='word_1_56' title='bbox 1274 1749 1849 1826; x_wconf 83' lang='lat' dir='ltr'>florescentiam</span> <span class='ocrx_word' id='word_1_57' title='bbox 1885 1762 2020 1825; x_wconf 89' lang='lat' dir='ltr'>aut</span> <span class='ocrx_word' id='word_1_58' title='bbox 2061 1763 2307 1825; x_wconf 89' lang='lat' dir='ltr'>noctu</span> 
     </span>
     <span class='ocr_line' id='line_1_14' title="bbox 269 1860 2304 1958; baseline 0 -22"><span class='ocrx_word' id='word_1_59' title='bbox 269 1860 524 1958; x_wconf 85' lang='lat' dir='ltr'><strong>calyce</strong></span> <span class='ocrx_word' id='word_1_60' title='bbox 603 1864 1012 1940; x_wconf 89' lang='lat' dir='ltr'>communi</span> <span class='ocrx_word' id='word_1_61' title='bbox 1103 1861 1511 1939; x_wconf 78' lang='lat' dir='ltr'>clauditur.</span> <span class='ocrx_word' id='word_1_62' title='bbox 1639 1863 1842 1938; x_wconf 88' lang='lat' dir='ltr'>Hinc</span> <span class='ocrx_word' id='word_1_63' title='bbox 1914 1860 2304 1937; x_wconf 87' lang='lat' dir='ltr'>calathidii</span> 
     </span>
     <span class='ocr_line' id='line_1_15' title="bbox 266 1973 2303 2053; baseline 0.001 -7"><span class='ocrx_word' id='word_1_64' title='bbox 266 1975 742 2053; x_wconf 84' lang='lat' dir='ltr'>vocabulum</span> <span class='ocrx_word' id='word_1_65' title='bbox 814 1976 903 2052; x_wconf 87' lang='lat' dir='ltr'>in</span> <span class='ocrx_word' id='word_1_66' title='bbox 976 1975 1102 2052; x_wconf 91' lang='lat' dir='ltr'>his</span> <span class='ocrx_word' id='word_1_67' title='bbox 1171 1990 1484 2052; x_wconf 89' lang='lat' dir='ltr'>tantum</span> <span class='ocrx_word' id='word_1_68' title='bbox 1559 1973 2106 2051; x_wconf 91' lang='lat' dir='ltr'>adhibendum</span> <span class='ocrx_word' id='word_1_69' title='bbox 2172 1985 2303 2050; x_wconf 86' lang='lat' dir='ltr'>est.</span> 
     </span>
     <span class='ocr_line' id='line_1_16' title="bbox 264 2088 2305 2190; baseline -0.003 -24"><span class='ocrx_word' id='word_1_70' title='bbox 264 2089 641 2190; x_wconf 79' lang='lat' dir='ltr'>Reliquae</span> <span class='ocrx_word' id='word_1_71' title='bbox 708 2088 809 2166; x_wconf 90' lang='lat' dir='ltr'>ad</span> <span class='ocrx_word' id='word_1_72' title='bbox 860 2091 1362 2190; x_wconf 79' lang='lat' dir='ltr'>compositas</span> <span class='ocrx_word' id='word_1_73' title='bbox 1408 2088 1694 2166; x_wconf 81' lang='lat' dir='ltr'>relatae</span> <span class='ocrx_word' id='word_1_74' title='bbox 1742 2088 2053 2190; x_wconf 88' lang='lat' dir='ltr'>plantae</span> <span class='ocrx_word' id='word_1_75' title='bbox 2101 2108 2305 2162; x_wconf 83' lang='lat' dir='ltr'>non·</span> 
     </span>
     <span class='ocr_line' id='line_1_17' title="bbox 263 2198 2300 2305; baseline -0.002 -27"><span class='ocrx_word' id='word_1_76' title='bbox 263 2203 410 2279; x_wconf 90' lang='lat' dir='ltr'>nisi</span> <span class='ocrx_word' id='word_1_77' title='bbox 486 2203 921 2305; x_wconf 88' lang='lat' dir='ltr'>capitulum</span> <span class='ocrx_word' id='word_1_78' title='bbox 993 2203 1319 2293; x_wconf 87' lang='lat' dir='ltr'>habent,</span> <span class='ocrx_word' id='word_1_79' title='bbox 1390 2217 1469 2279; x_wconf 91' lang='lat' dir='ltr'>et</span> <span class='ocrx_word' id='word_1_80' title='bbox 1540 2200 1871 2305; x_wconf 87' lang='lat' dir='ltr'>quidem</span> <span class='ocrx_word' id='word_1_81' title='bbox 1945 2198 2300 2277; x_wconf 85' lang='lat' dir='ltr'>anthodii</span> 
     </span>
     <span class='ocr_line' id='line_1_18' title="bbox 259 2340 529 2420; baseline -0.004 -30"><span class='ocrx_word' id='word_1_82' title='bbox 259 2340 529 2420; x_wconf 75' lang='lat' dir='ltr'>SPUI&#39;U.</span> 
     </span>
    </p>
   </div>
   <div class='ocr_carea' id='block_1_3' title="bbox 456 2427 2470 2534">
    <p class='ocr_par' dir='ltr' id='par_1_5' title="bbox 456 2427 2470 2534">
     <span class='ocr_line' id='line_1_19' title="bbox 456 2427 2470 2534; baseline -0.002 -27"><span class='ocrx_word' id='word_1_83' title='bbox 456 2429 751 2527; x_wconf 89' lang='lat' dir='ltr'>Calycis</span> <span class='ocrx_word' id='word_1_84' title='bbox 826 2431 1278 2509; x_wconf 88' lang='lat' dir='ltr'>communis</span> <span class='ocrx_word' id='word_1_85' title='bbox 1358 2456 1735 2534; x_wconf 86' lang='lat' dir='ltr'>squamae</span> <span class='ocrx_word' id='word_1_86' title='bbox 1811 2446 1946 2508; x_wconf 89' lang='lat' dir='ltr'>aut</span> <span class='ocrx_word' id='word_1_87' title='bbox 2014 2427 2302 2505; x_wconf 90' lang='lat' dir='ltr'>melius</span> <span class='ocrx_word' id='word_1_88' title='bbox 2465 2481 2470 2487; x_wconf 83' lang='lat'>-</span> 
     </span>
    </p>
   </div>
   <div class='ocr_carea' id='block_1_4' title="bbox 246 2541 2314 4236">
    <p class='ocr_par' dir='ltr' id='par_1_6' title="bbox 251 2541 2314 3211">
     <span class='ocr_line' id='line_1_20' title="bbox 256 2541 2300 2644; baseline -0 -27"><span class='ocrx_word' id='word_1_89' title='bbox 256 2541 524 2644; x_wconf 89' lang='lat' dir='ltr'>phylla</span> <span class='ocrx_word' id='word_1_90' title='bbox 571 2542 1072 2620; x_wconf 86' lang='lat' dir='ltr'>involucrum</span> <span class='ocrx_word' id='word_1_91' title='bbox 1123 2545 1615 2621; x_wconf 84' lang='lat' dir='ltr'>constituunt</span> <span class='ocrx_word' id='word_1_92' title='bbox 1647 2569 1689 2619; x_wconf 97' lang='lat' dir='ltr'>e</span> <span class='ocrx_word' id='word_1_93' title='bbox 1721 2544 2049 2620; x_wconf 86' lang='lat' dir='ltr'>bracteis</span> <span class='ocrx_word' id='word_1_94' title='bbox 2084 2566 2300 2618; x_wconf 89' lang='lat' dir='ltr'>com-</span> 
     </span>
     <span class='ocr_line' id='line_1_21' title="bbox 256 2655 2296 2758; baseline -0.001 -26"><span class='ocrx_word' id='word_1_95' title='bbox 256 2657 632 2758; x_wconf 91' lang='lat' dir='ltr'>positum.</span> <span class='ocrx_word' id='word_1_96' title='bbox 732 2658 936 2733; x_wconf 90' lang='lat' dir='ltr'>Cum</span> <span class='ocrx_word' id='word_1_97' title='bbox 986 2682 1174 2734; x_wconf 85' lang='lat' dir='ltr'>vero</span> <span class='ocrx_word' id='word_1_98' title='bbox 1228 2658 1504 2755; x_wconf 88' lang='lat' dir='ltr'>calycis</span> <span class='ocrx_word' id='word_1_99' title='bbox 1536 2655 1985 2733; x_wconf 88' lang='lat' dir='ltr'>functiones</span> <span class='ocrx_word' id='word_1_100' title='bbox 2016 2655 2296 2732; x_wconf 89' lang='lat' dir='ltr'>habeat</span> 
     </span>
     <span class='ocr_line' id='line_1_22' title="bbox 256 2767 2295 2872; baseline -0.002 -26"><span class='ocrx_word' id='word_1_101' title='bbox 256 2773 339 2847; x_wconf 88' lang='lat' dir='ltr'>in</span> <span class='ocrx_word' id='word_1_102' title='bbox 390 2769 592 2846; x_wconf 88' lang='lat' dir='ltr'>flore</span> <span class='ocrx_word' id='word_1_103' title='bbox 643 2768 1122 2859; x_wconf 90' lang='lat' dir='ltr'>claudendo,</span> <span class='ocrx_word' id='word_1_104' title='bbox 1190 2772 1385 2872; x_wconf 88' lang='lat' dir='ltr'>quin</span> <span class='ocrx_word' id='word_1_105' title='bbox 1437 2784 1684 2846; x_wconf 83' lang='lat' dir='ltr'>noctu</span> <span class='ocrx_word' id='word_1_106' title='bbox 1731 2793 1961 2869; x_wconf 86' lang='lat' dir='ltr'>saepe</span> <span class='ocrx_word' id='word_1_107' title='bbox 2007 2767 2295 2844; x_wconf 87' lang='lat' dir='ltr'>florem</span> 
     </span>
     <span class='ocr_line' id='line_1_23' title="bbox 256 2879 2314 2984; baseline -0.004 -23"><span class='ocrx_word' id='word_1_108' title='bbox 256 2881 637 2971; x_wconf 83' lang='lat' dir='ltr'>includat,</span> <span class='ocrx_word' id='word_1_109' title='bbox 703 2907 1005 2958; x_wconf 87' lang='lat' dir='ltr'>nomen</span> <span class='ocrx_word' id='word_1_110' title='bbox 1072 2883 1345 2981; x_wconf 89' lang='lat' dir='ltr'>calycis</span> <span class='ocrx_word' id='word_1_111' title='bbox 1407 2884 1743 2978; x_wconf 77' lang='lat' dir='ltr'>retinere</span> <span class='ocrx_word' id='word_1_112' title='bbox 1805 2894 2094 2984; x_wconf 90' lang='lat' dir='ltr'>potest,</span> <span class='ocrx_word' id='word_1_113' title='bbox 2144 2879 2314 2966; x_wconf 68' lang='lat' dir='ltr'>nisi⁸</span> 
     </span>
     <span class='ocr_line' id='line_1_24' title="bbox 254 2995 2293 3097; baseline 0 -28"><span class='ocrx_word' id='word_1_114' title='bbox 254 2995 446 3072; x_wconf 85' lang='lat' dir='ltr'>velis</span> <span class='ocrx_word' id='word_1_115' title='bbox 508 2996 1128 3097; x_wconf 90' lang='lat' dir='ltr'>peranthodium</span> <span class='ocrx_word' id='word_1_116' title='bbox 1191 3020 1502 3083; x_wconf 86' lang='lat' dir='ltr'>vocare,</span> <span class='ocrx_word' id='word_1_117' title='bbox 1570 3009 1752 3094; x_wconf 89' lang='lat' dir='ltr'>apto</span> <span class='ocrx_word' id='word_1_118' title='bbox 1813 3020 2002 3071; x_wconf 88' lang='lat' dir='ltr'>sane</span> <span class='ocrx_word' id='word_1_119' title='bbox 2065 3018 2293 3071; x_wconf 85' lang='lat' dir='ltr'>voca-</span> 
     </span>
     <span class='ocr_line' id='line_1_25' title="bbox 251 3106 1747 3211; baseline -0.001 -27"><span class='ocrx_word' id='word_1_120' title='bbox 251 3108 471 3185; x_wconf 91' lang='lat' dir='ltr'>bulo.</span> <span class='ocrx_word' id='word_1_121' title='bbox 566 3110 912 3211; x_wconf 90' lang='lat' dir='ltr'>Reliqua·</span> <span class='ocrx_word' id='word_1_122' title='bbox 949 3110 1277 3187; x_wconf 89' lang='lat' dir='ltr'>nomina</span> <span class='ocrx_word' id='word_1_123' title='bbox 1328 3106 1747 3210; x_wconf 88' lang='lat' dir='ltr'>superflua.</span> 
     </span>
    </p>

    <p class='ocr_par' dir='ltr' id='par_1_7' title="bbox 246 3220 2292 4236">
     <span class='ocr_line' id='line_1_26' title="bbox 445 3220 2291 3321; baseline -0.002 -22"><span class='ocrx_word' id='word_1_124' title='bbox 445 3223 719 3300; x_wconf 88' lang='lat' dir='ltr'>Paleae</span> <span class='ocrx_word' id='word_1_125' title='bbox 769 3238 955 3299; x_wconf 93' lang='lat' dir='ltr'>sunt</span> <span class='ocrx_word' id='word_1_126' title='bbox 999 3225 1353 3301; x_wconf 86' lang='lat' dir='ltr'>bracteae</span> <span class='ocrx_word' id='word_1_127' title='bbox 1402 3223 1641 3304; x_wconf 85' lang='lat' dir='ltr'>flores</span> <span class='ocrx_word' id='word_1_128' title='bbox 1704 3220 2291 3321; x_wconf 81' lang='lat' dir='ltr'>distinguentes.</span> 
     </span>
     <span class='ocr_line' id='line_1_27' title="bbox 250 3335 2288 3440; baseline 0 -28"><span class='ocrx_word' id='word_1_129' title='bbox 250 3337 569 3413; x_wconf 85' lang='lat' dir='ltr'>Nomen</span> <span class='ocrx_word' id='word_1_130' title='bbox 603 3336 1131 3436; x_wconf 81' lang='lat' dir='ltr'>retinendum,</span> <span class='ocrx_word' id='word_1_131' title='bbox 1167 3338 1355 3440; x_wconf 92' lang='lat' dir='ltr'>quia</span> <span class='ocrx_word' id='word_1_132' title='bbox 1405 3339 1760 3414; x_wconf 86' lang='lat' dir='ltr'>bracteae</span> <span class='ocrx_word' id='word_1_133' title='bbox 1808 3335 2288 3412; x_wconf 86' lang='lat' dir='ltr'>vocabulum</span> 
     </span>
     <span class='ocr_line' id='line_1_28' title="bbox 252 3449 2291 3552; baseline 0 -28"><span class='ocrx_word' id='word_1_134' title='bbox 252 3449 492 3525; x_wconf 88' lang='lat' dir='ltr'>nimis</span> <span class='ocrx_word' id='word_1_135' title='bbox 558 3449 934 3548; x_wconf 86' lang='lat' dir='ltr'>generale.</span> <span class='ocrx_word' id='word_1_136' title='bbox 1043 3450 1190 3528; x_wconf 91' lang='lat' dir='ltr'>Pili</span> <span class='ocrx_word' id='word_1_137' title='bbox 1252 3451 1722 3552; x_wconf 87' lang='lat' dir='ltr'>receptaculi</span> <span class='ocrx_word' id='word_1_138' title='bbox 1776 3475 1818 3526; x_wconf 90' lang='lat' dir='ltr'>e</span> <span class='ocrx_word' id='word_1_139' title='bbox 1867 3450 2107 3550; x_wconf 88' lang='lat' dir='ltr'>paleis</span> <span class='ocrx_word' id='word_1_140' title='bbox 2153 3474 2291 3549; x_wconf 28' lang='lat' dir='ltr'>,an-</span> 
     </span>
     <span class='ocr_line' id='line_1_29' title="bbox 250 3563 2292 3664; baseline -0 -25"><span class='ocrx_word' id='word_1_141' title='bbox 250 3563 720 3659; x_wconf 84' lang='lat' dir='ltr'>gustissimis</span> <span class='ocrx_word' id='word_1_142' title='bbox 785 3564 1062 3651; x_wconf 87' lang='lat' dir='ltr'>exorti,</span> <span class='ocrx_word' id='word_1_143' title='bbox 1129 3578 1350 3640; x_wconf 88' lang='lat' dir='ltr'>caute</span> <span class='ocrx_word' id='word_1_144' title='bbox 1414 3564 1947 3664; x_wconf 84' lang='lat' dir='ltr'>distinguendi</span> <span class='ocrx_word' id='word_1_145' title='bbox 2002 3589 2045 3639; x_wconf 84' lang='lat' dir='ltr'>a</span> <span class='ocrx_word' id='word_1_146' title='bbox 2093 3563 2292 3664; x_wconf 71' lang='lat' dir='ltr'>yeris</span> 
     </span>
     <span class='ocr_line' id='line_1_30' title="bbox 249 3675 2290 3779; baseline 0 -29"><span class='ocrx_word' id='word_1_147' title='bbox 249 3675 428 3776; x_wconf 92' lang='lat' dir='ltr'>pilis</span> <span class='ocrx_word' id='word_1_148' title='bbox 492 3676 577 3751; x_wconf 90' lang='lat' dir='ltr'>in</span> <span class='ocrx_word' id='word_1_149' title='bbox 641 3676 1132 3778; x_wconf 87' lang='lat' dir='ltr'>receptaculo</span> <span class='ocrx_word' id='word_1_150' title='bbox 1204 3702 1531 3779; x_wconf 90' lang='lat' dir='ltr'>quoque</span> <span class='ocrx_word' id='word_1_151' title='bbox 1597 3679 1848 3755; x_wconf 88' lang='lat' dir='ltr'>obviis</span> <span class='ocrx_word' id='word_1_152' title='bbox 1912 3689 2290 3756; x_wconf 87' lang='lat' dir='ltr'>monente</span> 
     </span>
     <span class='ocr_line' id='line_1_31' title="bbox 252 3789 2291 3893; baseline -0.002 -26"><span class='ocrx_word' id='word_1_153' title='bbox 252 3790 630 3867; x_wconf 85' lang='lat' dir='ltr'>Cassinio.</span> <span class='ocrx_word' id='word_1_154' title='bbox 741 3794 843 3866; x_wconf 86' lang='lat' dir='ltr'>At</span> <span class='ocrx_word' id='word_1_155' title='bbox 905 3791 1205 3891; x_wconf 88' lang='lat' dir='ltr'>absque</span> <span class='ocrx_word' id='word_1_156' title='bbox 1257 3792 1691 3868; x_wconf 87' lang='lat' dir='ltr'>anatomica</span> <span class='ocrx_word' id='word_1_157' title='bbox 1742 3789 2291 3893; x_wconf 77' lang='lat' dir='ltr'>disquisitione</span> 
     </span>
     <span class='ocr_line' id='line_1_32' title="bbox 252 3901 2290 4006; baseline 0.001 -29"><span class='ocrx_word' id='word_1_158' title='bbox 252 3901 363 3988; x_wconf 54' lang='lat' dir='ltr'>de,</span> <span class='ocrx_word' id='word_1_159' title='bbox 424 3903 549 3979; x_wconf 90' lang='lat' dir='ltr'>his</span> <span class='ocrx_word' id='word_1_160' title='bbox 624 3927 791 3980; x_wconf 90' lang='lat' dir='ltr'>non</span> <span class='ocrx_word' id='word_1_161' title='bbox 866 3904 1558 4006; x_wconf 84' lang='lat' dir='ltr'>pronuntiandum</span> <span class='ocrx_word' id='word_1_162' title='bbox 1632 3918 1779 3990; x_wconf 82' lang='lat' dir='ltr'>est3</span> <span class='ocrx_word' id='word_1_163' title='bbox 1852 3904 1990 4006; x_wconf 90' lang='lat' dir='ltr'>pili</span> <span class='ocrx_word' id='word_1_164' title='bbox 2077 3903 2290 4000; x_wconf 85' lang='lat' dir='ltr'>enim</span> 
     </span>
     <span class='ocr_line' id='line_1_33' title="bbox 246 4006 2289 4120; baseline 0.003 -32"><span class='ocrx_word' id='word_1_165' title='bbox 246 4015 583 4102; x_wconf 84' lang='lat' dir='ltr'>unicum</span> <span class='ocrx_word' id='word_1_166' title='bbox 659 4017 1010 4095; x_wconf 86' lang='lat' dir='ltr'>canalem</span> <span class='ocrx_word' id='word_1_167' title='bbox 1081 4006 1369 4096; x_wconf 81' lang='lat' dir='ltr'>sistunt</span> <span class='ocrx_word' id='word_1_168' title='bbox 1427 4016 1831 4095; x_wconf 89' lang='lat' dir='ltr'>interdum</span> <span class='ocrx_word' id='word_1_169' title='bbox 1880 4031 2289 4120; x_wconf 85' lang='lat' dir='ltr'>septatum‚</span> 
     </span>
     <span class='ocr_line' id='line_1_34' title="bbox 248 4129 2292 4236; baseline 0.001 -31"><span class='ocrx_word' id='word_1_170' title='bbox 248 4129 521 4233; x_wconf 88' lang='lat' dir='ltr'>paleae</span> <span class='ocrx_word' id='word_1_171' title='bbox 580 4130 1020 4234; x_wconf 87' lang='lat' dir='ltr'>piliformes</span> <span class='ocrx_word' id='word_1_172' title='bbox 1082 4132 1204 4211; x_wconf 88' lang='lat' dir='ltr'>uti</span> <span class='ocrx_word' id='word_1_173' title='bbox 1263 4156 1569 4236; x_wconf 88' lang='lat' dir='ltr'>pappus</span> <span class='ocrx_word' id='word_1_174' title='bbox 1631 4155 1673 4207; x_wconf 93' lang='lat' dir='ltr'>e</span> <span class='ocrx_word' id='word_1_175' title='bbox 1731 4129 2093 4232; x_wconf 84' lang='lat' dir='ltr'>pluribus</span> <span class='ocrx_word' id='word_1_176' title='bbox 2143 4132 2292 4214; x_wconf 81' lang='lat' dir='ltr'>cel-</span> 
     </span>
    </p>
   </div>
  </div>
 </body>
</html>
