2843 4800
516 358 665 432 220
1320 351 1796 427 GEMMA„

519 658 690 749 131
740 659 817 746 b.
947 655 1236 744 Tuber
1295 649 1869 743 rudimenta
1929 678 2580 767 gemmarum„

640 793 1093 886 continet
1182 792 1292 880 in
1369 789 1754 897 radice,
1828 807 1997 883 aut
2068 790 2199 882 ad
2266 791 2579 935 basin’
2696 789 2701 793 ’

641 932 945 1025 caulis
1011 945 1443 1022 enatum.
2033 954 2038 957 ·
2574 950 2582 961 ·’

709 1119 982 1195 Tuber
1040 1116 1143 1194 ad
1201 1118 1439 1193 latera
1506 1115 1779 1204 caulis,
1824 1115 1966 1191 ubi
2014 1062 2218 1195 intra
2263 1132 2556 1195 terram

514 1234 731 1321 latet,
779 1245 916 1308 aut
959 1231 1107 1333 ipsi
1156 1230 1565 1318 incumbit,
1616 1242 1752 1304 aut
1795 1229 2048 1330 ipsam
2080 1233 2341 1330 tangit,
2376 1256 2556 1307 ena-

517 1347 789 1433 scitur,
837 1357 1014 1421 tum
1063 1343 1164 1420 ad
1210 1343 1448 1419 latera
1495 1336 1778 1416 radicis
1823 1356 1986 1416 tam
2017 1346 2275 1420 trunci
2311 1370 2578 1446 quam·.

513 1483 959 1547 ramorum,
1032 1482 1264 1558 saepe
1324 1480 1763 1532 ramorum·
1789 1455 2431 1533 subtillimorum.

704 1574 861 1652 Ubi
939 1597 982 1648 e
1046 1572 1266 1649 caule
1326 1570 1684 1647 radiceve
1734 1570 2091 1667 emergit,
2138 1568 2556 1648 fasciculus

513 1685 867 1784 lignosus
919 1686 1070 1762 exit
1113 1687 1201 1760 in
1247 1686 1511 1773 tuber,
1558 1682 1768 1758 varie
1814 1684 2179 1783 partitur,
2230 1699 2307 1760 et
2351 1687 2556 1761 intra
2631 1754 2634 1757 .

510 1801 841 1902 pulpam
870 1832 873 1837 ·
898 1800 1681 1901 parenchymatosam
1744 1818 1943 1894 vago
2016 1797 2326 1872 tramite
2398 1823 2557 1874 ser-

509 1915 687 2016 pit..-
752 1911 1131 1991 Fasciculi
1192 1912 1548 1987 minores
1608 1909 1767 1985 hoc
1830 1908 2115 1985 modo,
2151 1909 2552 1988 distributi

509 2028 741 2102 variis
802 2027 998 2102 locis
1061 2025 1574 2101 conveniunt¹
1609 2036 1686 2099 et
1733 2046 1846 2115 eo=
1879 2023 2098 2112 loce,
2148 2050 2315 2125 quo
2366 2044 2576 2102 con-i.

507 2142 840 2217 veniunt
882 2160 1258 2237 'gemmae
1320 2138 1872 2215 rudimentum
1935 2136 2305 2215 formant.
2412 2144 2556 2215 Pa-

509 2255 936 2350 renchyma
1026 2252 1293 2354 laxum
1365 2264 1514 2339 est,
1588 2250 1887 2326 cellulis
1925 2275 2244 2350 -magna
2318 2252 2554 2350 amyli

515 2368 741 2468 copia
804 2365 1149 2467 repletis,
1212 2365 1510 2467 quibus
1563 2363 1825 2467 planta
1872 2362 2143 2464 junior
2189 2366 2572 2443 nutritur.;

508 2482 714 2558 Hinc
763 2482 995 2556 tuber
1046 2479 1454 2575 evanescit,
1508 2479 1730 2557 dum'
1758 2480 1997 2556 caulis
2044 2481 2421 2559 increscit.

494 2665 501 2673 .
697 2598 988 2689 Forma
1035 2595 1245 2670 varia
1298 2609 1444 2683 est,
1504 2595 1893 2693 globosa,.
1935 2594 2315 2693 oblonga,
2362 2595 2552 2670 irre-

505 2707 756 2807 gulari
854 2732 898 2783 e
961 2710 1261 2785 -multis
1358 2707 1770 2784 tuberibus
1839 2707 2170 2784 'coaiitis
2302 2708 2554 2807 Copia

509 2847 679 2897 non
737 2823 1007 2897 minus
1069 2822 1314 2908 varia3
1377 2847 1608 2923 saepe
1671 2821 1929 2899 caulis*
1975 2822 2197 2897 basin
2250 2820 2551 2895 circum

507 2937 706 3011 circa
742 2936 1081 3034 cingunt.
1141 2941 1693 3034 Integumento
1722 2933 2050 3035 proprio
2084 2945 2362 3019 carent,
2390 2933 2551 3033 epi-

507 3047 868 3127 dermide
896 3050 1178 3127 radicis
1208 3059 1521 3128 tantum
1550 3046 1785 3126 indut
1811 3044 2330 3146 reperiuntur.

506 3301 706 3390 132.
836 3301 1247 3388 Gemmae
1305 3329 1486 3384 non
1530 3297 1870 3397 desunt,
1908 3293 2103 3383 nisi
2141 3293 2251 3383 in
2289 3292 2546 3385 Fun-

626 3437 766 3549 gis
835 3450 935 3527 et
993 3437 1415 3525 fortasse
1478 3434 1738 3548 Algis
1806 3433 2464 3570 quibusdam.v
2543 3561 2546 3566 μ

573 3665 577 3684 =
692 3631 786 3703 In
846 3626 1128 3728 plantis
1191 3626 1679 3728 simplicibus
1742 3650 1922 3704 nec
1937 3627 2302 3715 ramosiS,
2367 3651 2427 3702 e.
2478 3648 2546 3723 g.

498 3739 1089 3842 BalanophoriS,
1120 3739 1483 3838 gemmae
1514 3739 1899 3818 foliiferae
1927 3740 2237 3829 desunt,
2286 3754 2362 3816 at
2399 3738 2556 3815 fio·-

502 3854 799 3933 riferae·
832 3855 1127 3955 utique
1164 3854 1468 3929 adsunt.
2457 3891 2462 3896 -

693 3974 788 4046 In
839 3971 1209 4046 Cuscuta
1229 3994 1589 4067 gemmae
1635 3966 2026 4045 foliiserae
2075 3992 2245 4044 non
2263 3969 2554 4074 minus
2680 4020 2694 4032 -

504 4081 821 4171 desunt,
887 4097 965 4196 at
988 4136 1001 4145 -
1026 4108 1385 4182 gemmae
1444 4077 1864 4198 floriferae·
1889 4079 2176 4159 adsunt
2239 4096 2315 4157 et
2374 4075 2550 4158 bra-
