2843 4800
436 351 722 470 4'affl
1229 320 1887 446 'funerus

574 585 739 659 νει,-
800 569 884 644 in
966 566 1420 666 Anagallide
1495 565 1817 665 deglubi
1857 580 2171 669 potest.
2290 569 2626 669 Semper

578 686 834 773 adest,
915 683 980 758 si
1050 680 1557 781 deglubendo
1622 682 1846 757 color
1911 683 2330 759 obscurior
2388 697 2627 759 testae

575 798 867 901 prodit.

783 909 1193 988 Umbilicus
1246 925 1362 986 est
1406 910 1825 1011 impressio
1865 909 2019 984 wubi
2065 907 2484 986 funiculus
2514 933 2627 986 se-

577 1025 890 1102 minalis
939 1040 1214 1122 semen
1261 1026 1517 1113 intrat,
1568 1039 1703 1100 aut
1747 1024 1889 1099 ubi
1940 1048 2213 1114 semen
2264 1048 2453 1100 cum
2477 1049 2628 1125 pe-

577 1141 918 1241 ricarpio
956 1155 1405 1216 connexum
1443 1153 1573 1214 est.
1665 1139 1888 1215 Circa
1921 1138 2399 1215 umbilicum
2435 1164 2628 1227 area,

580 1280 824 1355 quam
854 1255 1137 1334 ,hilum'
1161 1268 1390 1330 vocat
1434 1254 1827 1330 Linnaeus
1873 1253 2049 1351 (Ph.
2097 1253 2260 1328 bot.
2309 1254 2370 1350 ἓ.
2412 1254 2629 1349 104),

581 1394 1075 1470 quamquamw
1100 1370 1218 1445 ab
1256 1366 1657 1445 umbilico
1710 1390 1879 1441 non
1916 1366 2367 1454 distinxerit,
2399 1391 2627 1468 saepe

585 1510 626 1558 a
675 1483 979 1584 reliqua
1026 1493 1218 1560 test'a
1290 1482 1647 1557 distincta
1698 1480 2200 1581 conspicitur.
2298 1484 2458 1558 Aut
2505 1484 2628 1557 de-

583 1627 845 1674 rasum
894 1599 1114 1699 quasi
1171 1609 1286 1672 est
1334 1610 1409 1672 et
1460 1595 1808 1683 excolor,
1861 1609 1997 1670 aut
2044 1594 2313 1671 colore
2363 1596 2628 1692 singu-

580 1710 721 1787 lari
772 1724 1156 1799 notatum,
1205 1736 1271 1788 e.
1319 1733 1388 1809 g.
1438 1711 1667 1811 nigro
1720 1734 1910 1784 cum
1954 1721 2149 1785 testa
2187 1709 2628 1785 ruberrima

580 1824 821 1901 fuerit
866 1826 954 1900 in
1000 1826 1222 1902 Abru
1280 1825 1755 1926 precator-in,
1828 1823 2139 1899 macula
2212 1821 2384 1898 alba
2435 1848 2630 1898 cor.-

586 1938 915 2036 diformi
947 1941 1034 2014 in
1083 1938 1699 2041 Cardiospermo
1739 1952 1894 2028 etc„
1948 1954 2084 2014 aut
2114 1936 2626 2040 superficiale,
2683 1925 2686 1934 ἶ

586 2067 722 2127 aut
769 2076 1228 2141 convexum,
1281 2067 1416 2128 aut
1461 2053 1805 2127 verrucis
1855 2065 2219 2129 notatum
2268 2076 2499 2153 saepe
2548 2053 2633 2126 in

586 2166 870 2242 orbem
916 2166 1213 2267 positiS,
1263 2181 1405 2242 aut·
1449 2190 1904 2241 concavum.
1978 2171 2068 2243 In
2103 2167 2461 2263 margine
2492 2166 2632 2242 hili

589 2280 734 2354 alia
801 2293 877 2355 et
936 2278 1194 2354 multo
1261 2280 1534 2355 minor
1577 2279 1993 2381 impressio
2048 2294 2187 2366 est,
2238 2281 2378 2360 ubi
2433 2305 2633 2382 quo-

590 2419 749 2496 que
813 2391 1229 2469 fasciculus
1302 2392 1658 2492 lignosus
1711 2414 1755 2470 e
1803 2387 2309 2496 sporophoro
2360 2395 2634 2473 inseri-

582 2523 779 2607 tur„
819 2531 1063 2607 quam
1139 2511 1590 2612 nubropylen
1646 2522 1875 2584 vocat
1948 2509 2256 2609 Turpin
2317 2508 2635 2607 (Annal.

591 2622 665 2697 d.
708 2627 1107 2698 Museum.
1146 2627 1248 2697 Τ.
1299 2629 1367 2700 7.
1415 2636 1491 2725 p.
1544 2623 1775 2719 199.).
1871 2623 2305 2724 Liquorem
2362 2621 2636 2698 fecun-

485 2827 491 2833 ,
574 2735 912 2812 ,dantem
966 2758 1136 2841 per
1198 2736 1418 2812 >hanc
1498 2738 1788 2813 intrare
1851 2750 2092 2838 putat.
2203 2741 2298 2813 In
2361 2735 2638 2812 multis

584 2872 779 2924 ‘vero
850 2848 1100 2936 deest,
1165 2873 1312 2924 nec
1363 2876 1568 2952 opus
1619 2866 1733 2927 est
1778 2850 1902 2926 via
1952 2865 2115 2925 tam
2163 2863 2499 2952 patente,
2547 2864 2641 2927 ut

443 2975 446 2978 ’
518 3006 521 3011 -
592 2961 1028 3040 fecundans
1074 2964 1346 3065 liquor
1390 2967 1643 3041 intret.
1739 2968 1833 3040 In
1878 2964 2640 3046 Tamarindo,video

572 3078 679 3153 in
748 3093 1084 3179 utraque
1166 3080 1641 3155 extremitate
1721 3078 2196 3156 umbilicum
2278 3076 2641 3177 ejusdem

596 3190 759 3267 {ere
800 3192 1389 3290 magnitudinis

722 3336 727 3339 ·
788 3306 943 3382 Ubi
1003 3303 1405 3380 funiculus
1471 3329 1776 3380 semen
1813 3306 2074 3394 intrat,
2123 3331 2305 3407 pars
2353 3307 2641 3382 -variae

600 3416 779 3492 satis
824 3417 1134 3494 formae
1182 3418 1533 3520 apposita
1584 3432 1716 3506 est,
1766 3444 2007 3519 quam
2053 3420 2399 3498 Richard
2430 3422 2645 3497 bene

597 3531 904 3624 atillam
964 3544 1192 3606 vocat
1253 3532 1440 3629 (An.
1505 3530 1577 3606 d.
1627 3530 1716 3606 fr.
1765 3560 1837 3633 p.
1886 3533 2073 3631 23).
2169 3539 2438 3612 Potest
2484 3536 2644 3610 uti-

600 3668 758 3746 que
834 3645 1365 3737 excrescentia
1460 3644 1797 3720 funiculi
1877 3649 2271 3723 seminalis
2350 3650 2643 3725 vocari.

473 3797 476 3801 ·
597 3765 737 3836 Est
816 3758 1374 3861 subglobosus,
1454 3752 1917 3836 verrucosus
2010 3761 2574 3862 (Euphorbiae
2588 3762 2644 3857 ),

565 3871 1060 3950 ·.falciformis
1133 3873 1772 3972 (Leguminosae‚
1834 3874 2053 3950 Vicia
2114 3876 2359 3963 Faba,
2409 3874 2644 3950 Doli-

602 3987 796 4061 chos
852 3987 1142 4063 Lablab
1209 3987 1423 4085 etc),
1486 3984 1943 4087 deplanatus
1991 3988 2073 4064 in
2123 3989 2461 4065 Hibiscis
2506 4014 2648 4064 va-

518 4199 527 4205 ·
596 4100 755 4188 riis,x
803 4101 1193 4198 calyculus
1243 4099 1890 4202 quadridentatus
1935 4102 2020 4176 in
2068 4102 2479 4201 PolygaliS,
2514 4127 2647 4179 ex-
