2843 4800
823 310 1597 391 ·sTRUC'rURA.
2152 314 2252 387 '75

215 537 335 590 sae
409 511 745 599 fuerint,
828 523 963 586 aut
1016 522 1202 610 post
1257 506 1593 608 longum
1654 518 1993 611 tempus.
2092 508 2251 592 Csr.

212 633 475 724 Meyer
516 623 1111 722 Naturgemiifse
1157 625 1678 723 Darstellung.
1701 624 1775 699 d.
1804 623 2253 701 Entwickel.

213 766 282 816 u.
343 740 416 815 d.
482 738 1063 815 Wachsthums
1126 737 1200 812 d.
1261 736 1653 815 Pflanzen.
1724 738 1982 840 Leipz.
2043 742 2255 815 1808.

215 880 279 956 p.
324 857 445 930 62.
494 853 887 950 Nachtrag
934 876 995 927 z.
1049 849 1121 929 d.
1174 850 1654 929 Grundlehr.
1701 882 1775 955 p.
1823 858 1892 930 3.
1940 856 2008 929 4.
2142 923 2148 929 .

212 1052 351 1148 46.
476 1050 913 1145 Cellulae
997 1048 1253 1179 non'
1298 1079 1705 1173 semper
1786 1082 2003 1144 sese
2076 1084 2253 1145 un·-

214 1276 217 1281 .
330 1191 634 1313 dique
731 1192 1355 1305 contingunt,
1460 1191 1642 1283 sed
1724 1194 2256 1286 interstitia

329 1359 627 1452 saepe
688 1332 1306 1453 relinquunt,
1372 1362 1628 1452 quae
1701 1353 2040 1423 meatus
2109 1337 2258 1424 du-

332 1491 681 1594 ctusque
740 1478 1419 1563 intercellulares
1476 1494 1602 1564 vo
1614 1486 1993 1567 cantur.

407 1649 705 1722 Meatus
738 1647 987 1722 hosce
1018 1642 1627 1720 intercellulares
1666 1643 1975 1720 distinxi
2005 1582 2259 1745 (Grdl.

207 1785 278 1861 Ρ.
347 1760 498 1856 14.)
564 1773 639 1835 et
704 1759 990 1837 ductus
1054 1757 1667 1834 intercellulares
1716 1761 2005 1836 vocavi.
2103 1765 2260 1838 Eo·-

212 1873 395 1951 dem
468 1887 831 1975 tempore
910 1872 1384 1949 Treviranus
1458 1871 1692 1962 vidit,
1766 1872 2139 1949 indicavit
2185 1885 2264 1949 et

209 2001 516 2064 meatus
580 1987 1191 2065 intercellulares
1257 1986 1671 2090 appellavit
1734 1989 1871 2086 (V.
1919 1986 2260 2065 invvend.

207 2105 371 2179 Bau
417 2130 494 2204 p.
543 2105 677 2200 9..)

395 2221 570 2315 Iam
645 2217 844 2292 olim
915 2209 1113 2294 vidit
1182 2212 1641 2312 Hedwigius
1707 2229 1785 2292 et
1839 2242 2018 2293 vasa
2094 2241 2261 2295 esse

207 2332 658 2410 revehentia
708 2331 916 2407 inter
964 2329 1279 2406 cellulas
1325 2328 1705 2432 reptantia
1755 2332 2055 2434 putavit
2103 2332 2257 2430 (De

197 2445 382 2520 ·fihr.
414 2446 756 2543 vegetab.
794 2459 870 2520 et
903 2443 1209 2552 animal.
1248 2459 1450 2520 ortu.
1499 2445 1942 2547 Lips.1790.
1976 2473 2048 2547 p.
2075 2448 2228 2543 23.)

403 2559 637 2634 Multi
683 2585 869 2636 vero
921 2574 1208 2658 negant
1258 2573 1334 2634 et
1385 2558 1714 2660 quidem
1762 2561 2048 2638 Mirbel
2084 2561 2264 2658 (Ex-

206 2672 449 2775 po's'it.
524 2685 601 2775 Ρ.
650 2677 765 2750 34.
830 2678 1078 2751 Notes
1128 2700 1201 2775 Ρ.
1249 2676 1367 2749 24.
1428 2672 1530 2769 f.)
1606 2698 1751 2748 nec
1825 2698 1994 2750 non
2058 2673 2264 2752 Mol-

208 2786 627 2863 denhauer
689 2789 977 2887 (Beytr.
1039 2814 1113 2888 p.
1165 2791 1279 2862 16.
1329 2787 1489 2883 17.)
1544 2786 1680 2888 qui
1729 2787 2028 2862 horum
2078 2786 2262 2862 loco
2409 2815 2412 2818 ¹

209 2906 670 2978 contextum
754 2902 1229 2979 cellulosum
1321 2915 1458 2976 aut
1526 2901 1797 3001 potius
1869 2898 2266 2975 fibrosum

238 3018 496 3091 osuit.

124 3113 129 3129 ⁵
205 3043 258 3117 p
407 3130 699 3206 Adesse
763 3143 842 3206 et
899 3154 1228 3206 succum
1276 3125 1697 3203 nutritium
1745 3125 2030 3201 ‘vehere
2082 3135 2269 3200 cum

212 3244 647 3319 'I're'virano
742 3259 966 3346 putat
1058 3235 1329 3318 Kieser
1421 3239 1748 3339 (Elem.·
1816 3233 2270 3337 Phytotom,

212 3385 286 3459 p.
352 3362 471 3434 58.
534 3364 628 3435 78
679 3374 755 3434 et
799 3360 986 3456 St).
1097 3362 1190 3433 In
1243 3351 1733 3458 epidermide
1781 3376 1970 3431 vero
2021 3354 2267 3430 hosce

214 3487 522 3548 meatus
606 3474 709 3549 ad
772 3488 950 3548 vasa
1008 3471 1480 3573 lymphatica
1544 3469 1783 3546 refert
1846 3471 1966 3571 (p.
2023 3469 2271 3564 ’151.).

214 3575 511 3663 Muscis
578 3612 908 3689 quoque
974 3583 1308 3683 denegat
1376 3586 1495 3685 (p.
1545 3584 1955 3681 39—61.).
2058 3584 2272 3657 Con-

209 3716 517 3777 textum
571 3701 1041 3778 cellulosum
1090 3698 1532 3801 perfectum
1581 3693 1826 3786 vocat,
1854 3696 2003 3798 qui
2051 3695 2274 3772 'hisee

218 3817 610 3893 meatibus
661 3817 1118 3893 instructus
1137 3826 1254 3889 est
1287 3815 1424 3914 (Ρ.
1467 3812 1659 3908 40.)

304 3959 311 3966 ·
408 3934 601 4007 Non
666 3932 971 4034 ubique
1032 3923 1305 4004 adesse
1372 3924 1908 4028 sprengelius·
1923 3923 2057 4020 (V.
2104 3923 2275 4000 Bau

224 4042 295 4118 d.
345 4047 781 4123 Gewachse
829 4074 903 4148 p.
938 4037 1121 4140 82),
1146 4040 1496 4119 deesse
1473 4061 1557 4114 m
1595 4037 1882 4114 cortice
1916 4048 1996 4112 et
2043 4034 2274 4124 libro.
