2843 4800
522 325 620 400 94
1169 324 1932 406 srssuo'rnssa.
2019 405 2026 416 ,

647 527 957 640 magis
1049 526 1506 618 minusve
1579 519 2424 636 cohaerentibus.
2520 555 2582 620 a

651 666 1116 758 ductibus
1181 669 1688 759 rarissime
1753 667 2075 760 soluti.

714 919 1235 1037 Plerumque·
1274 934 1667 1035 simplices
1742 949 1957 1023 sunt,
2040 933 2088 1009 i.
2156 957 2227 1010 e.
2291 933 2581 1009 unicus

521 1063 837 1126 tantum
895 1050 1134 1125 simul
1197 1063 1608 1125 contortus
1673 1063 1802 1125 est.
1932 1049 2355 1151 Duplicem
2413 1045 2581 1150 ⁸pri-

521 1190 709 1242 mus
774 1164 972 1240 vidit
1038 1164 1414 1265 Sprengel
1477 1164 1695 1255 (Anl.
1755 1163 1900 1240 Ed.
1952 1170 2015 1239 1.
2066 1192 2140 1266 Ρ.
2191 1168 2337 1256 6.,>
2400 1178 2582 1246 tum

521 1279 808 1359 Mirbel
864 1280 1082 1374 (Hist.
1137 1278 1208 1353 d.
1258 1292 1500 1376 veget.
1550 1306 1622 1379 p.
1673 1281 1841 1373 66.,)
1888 1277 2324 1354 Bernhardi
2362 1282 2583 1354 7-8

521 1385 884 1497 pluresve
936 1394 1375 1469 observavit
1437 1383 1659 1489 (Ueb.
1726 1390 2249 1492 Pflanzengef.
2300 1420 2373 1493 p.
2405 1395 2579 1486 24),

526 1509 998 1584 Treviranus
1071 1513 1231 1584 8-
1253 1511 1347 1583 10
1425 1511 1559 1601 (V.
1634 1509 1813 1583 invv.
1879 1513 2049 1586 Bau
2121 1536 2194 1609 p.
2244 1512 2359 1583 35.
2410 1521 2458 1582 t.
2511 1513 2582 1582 1.

520 1621 572 1699 f.
621 1626 721 1720 8.)
771 1623 1043 1698 Kieser
1091 1627 1436 1726 12—15.
1484 1624 1818 1724 (Phytot.
1869 1651 1942 1724 p.
1995 1623 2208 1721 111.)
2262 1609 2337 1697 et
2408 1621 2580 1723 ipse

444 1791 453 1802 ,
521 1737 735 1813 vidi.·
779 1742 938 1820 Tot
993 1762 1283 1839 nempe
1325 1738 1583 1813 tubuli
1636 1736 1876 1812 simul
1922 1737 2526 1814 convolvuntur.

712 1878 1107 1952 Ramosos
1170 1878 1479 1976 primus
1551 1875 1924 1950 indicavit
1992 1875 2582 1965 Moldenhauer

525 1992 812 2088 (Beytr.
878 2017 951 2090 Ρ.
1001 1993 1165 2067 208.
1215 1994 1459 2087 245.)‚
1512 1989 1648 2069 cfr,
1698 1993 1785 2065 T.
1840 1996 1903 2064 1.
1953 1988 2003 2064 f.
2056 1994 2170 2066 18.
2221 1990 2295 2065 b.
2364 2014 2407 2066 e
2454 2016 2579 2065 ra·-

521 2102 693 2179 dice
748 2105 1174 2181 Strelitziae
1224 2105 1589 2203 Reginae.

716 2229 971 2323 Gyros
1034 2251 1264 2327 saepe
1326 2227 1432 2300 in*
1465 2226 1754 2301 eodem
1803 2224 2218 2302 fasciculos
2270 2241 2345 2303 et
2392 2225 2580 2302 dex-

516 2353 868 2416 trorsum
935 2356 1011 2418 et
1060 2341 1615 2429 sinistrorsum
1680 2340 1926 2418 flexos
1975 2340 2137 2419 vidi
2194 2340 2576 2437 (Grundl.

588 2592 593 2599 '
708 2576 1180 2675 Magnitudo
1244 2577 1486 2666 varia,
1549 2577 1633 2654 in
1695 2576 2132 2676 majoribus
2201 2577 2573 2654 ductibus

513 2690 788 2791 major.
872 2693 1308 2797 ‚Minutiem
1359 2709 1769 2795 computat
1819 2690 2199 2795 Sprengel
2251 2697 2371 2788 (V.
2403 2697 2575 2768 Bau

514 2807 590 2882 d.
643 2812 855 2884 Gew.
903 2836 978 2910 p.
1027 2810 1261 2903 233.)

709 2932 900 3028 Gyri
974 2931 1057 3005 in
1137 2930 1432 3006 eodem¹
1508 2928 1884 3007 fasciculo
1967 2929 2113 3005 laxi
2201 2941 2293 3003 et·
2359 2929 2571 3005 arcti.

508 3048 758 3121 Laxos
808 3070 978 3122 non
1029 3070 1197 3122 esse
1249 3043 1637 3133 divulsoS,
1688 3047 1973 3147 probat
2019 3045 2385 3149 ipsorum
2438 3068 2568 3120 ae-

512 3161 764 3261 qualis
817 3160 1211 3249 distantia,
1265 3160 1395 3236 cfr.
1453 3165 1539 3235 T.
1593 3165 1656 3234 1.
1708 3159 1758 3234 f.
1809 3164 1922 3234 16.
1976 3183 2019 3235 e
2071 3158 2292 3234 caule
2346 3159 2565 3235 (jacti

509 3276 958 3375 serpentini.

706 3396 923 3493 Gyri
969 3394 1053 3468 in
1125 3394 1398 3469 multis
1471 3395 1862 3471 levissime
1939 3394 2394 3484 cohaerent,
2474 3410 2573 3471 ut

507 3508 881 3587 facillime
932 3495 1491 3596 devolvantur,
1519 3509 1602 3584 in
1654 3510 1821 3585 aliis
1843 3511 2133 3585 minus
2230 3514 2323 3586 In
2375 3516 2570 3587 Gra-.-

416 3713 423 3720 ,
506 3624 887 3700 minibus·
923 3647 1093 3697 non
1156 3622 1465 3699 devolvi
1535 3623 1824 3701 adserit
1882 3623 2297 3724 Rudolphi
2348 3623 2567 3720 (Anl.

506 3767 578 3840 Ρ.
630 3740 824 3832 191.)
877 3750 952 3811 at
1014 3762 1180 3812 non
1231 3739 1315 3812 in
1384 3740 1764 3859 omnibus
1841 3726 2345 3840 Sprengelius
2425 3743 2565 3834 (V.

503 3857 673 3929 Bau
725 3854 796 3928 d.
851 3857 940 3927 G.
990 3878 1065 3952 p.
1116 3855 1339 3950 118.)
1793 3874 1800 3877 ·

700 3972 793 4044 In
843 3967 1116 4069 petalis
1169 3966 1455 4065 ductus
1506 3967 1869 4048 deserere
1895 3964 2289 4062 videntur,
2342 3982 2566 4044 certo

1647 4051 1782 4073 ‘‘‘‘‘

504 4082 590 4162 id
654 4082 826 4159 fieri
892 4070 1258 4160 videmus
1324 4084 1430 4157 inl
1459 4068 1919 4158 membrana
1968 4065 2277 4157 interna
2326 4083 2570 4164 semi-
