2843 4800
1047 330 1662 457 FRUQTUs.'
2210 337 2360 411 343
2409 449 2422 471 .

272 529 787 633 conspicitur
844 548 890 607 e
927 529 1295 608 'medulla
1342 529 1711 606 medium
1761 544 2214 629 occupante,
2261 547 2354 609 ut

264 648 364 722 in
451 644 718 734 caule,
795 670 1039 747 quam
1103 645 1193 720 in
1256 642 1670 746 permultis
1737 641 2095 720 distincte
2185 646 2358 721 vidi-

266 774 355 836 et
446 759 541 833 in
613 759 833 837 Vicia
910 759 1119 836 Faba
1196 757 1355 858 jam
1419 758 1622 833 olim·
1675 757 2206 855 (Grundlehr.
2274 759 2346 834 d.

261 875 515 954 Anat.
556 872 642 948 .d.
689 870 832 952 ΡΗ.
880 900 955 975 p.
1003 871 1214 968 236.)
1277 870 1628 947 exhibui..
1722 871 1943 971 Apici
2004 872 2347 951 subinde

259 987 703 1064 verrucula
761 1013 996 1090 parva
1059 987 1338 1062 adnata
1389 997 1538 1073 est,
1599 1008 1643 1061 e
1693 1010 1848 1085 qua
1898 1008 2082 1062 vera
2125 987 2345 1064 radix

264 1100 736 1203 explicatur.
837 1100 966 1177 Sic
1017 1100 1506 1177 considerata
1556 1097 1840 1174 divisio
1891 1097 2339 1198 plantarum

259 1215 351 1291 in
448 1214 882 1296 Exorhizas
968 1226 1044 1289 et
1121 1212 1651 1300 Endorhizas,
1697 1227 1921 1313 ‘quas
1993 1213 2341 1291 Richard

260 1329 745 1430 proposuit,
826 1325 1019 1403 falsa
1094 1341 1224 1403 est.
1347 1326 1725 1405 Radicula
1765 1326 1910 1420 ⁴sic
1971 1326 2174 1404 dicta
2237 1328 2337 1406 ad

259 1443 733 1538 rhizomata
786 1440 1231 1529 referenda,
1292 1464 1482 1517 nam
1560 1454 2067 1520 structuram·
2098 1444 2338 1520 caulis

262 1556 559 1642 habet,
625 1569 700 1632 at
745 1556 912 1633 basi
964 1553 1345 1631 deorsum
1393 1554 1681 1632 crescit.
1780 1559 2124 1636 Verruca
2174 1558 2338 1658 api-

234 1670 389 1764 cis
461 1668 690 1746 valde
751 1670 1163 1745 incrassata
1232 1683 1347 1747 est
1405 1670 1491 1744 in
1541 1670 2027 1772 Tropae010‚
2078 1685 2169 1747 ut
2212 1698 2332 1747 ra-

263 1783 411 1859 dix
480 1783 629 1885 ipsi
689 1782 989 1859 inclusa
1053 1805 1471 1882 erumpere
1518 1782 1878 1860 videatur
1927 1785 2167 1883 (Aug.
2222 1790 2326 1862 St.

256 1897 573 1974 Hilaire
635 1896 912 1975 Annal.
977 1895 1052 1971 d.
1113 1902 1313 1974 Mus.
1382 1901 1472 1972 T.
1536 1895 1719 1992 18.)
1831 1898 2114 1996 Figura
2162 1899 2327 1976 rhi-

259 2011 609 2087 zomatis
666 2005 1143 2114 plerumque
1207 2009 1516 2097 conica,
1600 2023 1678 2086 at
1736 2035 2064 2113 quoque
2126 2025 2326 2089 tere-

252 2124 608 2201 tiuscula
672 2139 750 2200 et
810 2123 1245 2213 filiformiS,
1307 2123 1705 2202 rarissime
1772 2124 1987 2225 apice
2034 2127 2323 2204 incras-
2385 2209 2388 2210 ⁷

254 2253 426 2316 sat-a
486 2238 938 2337 (Berberis)
982 2253 1067 2314 *et
1111 2252 1276 2315 tota
1325 2238 1842 2316 tubercularis
1892 2240 2238 2341 (Piper).

466 2355 858 2455 Scapellus
939 2377 995 2428 s.
1085 2352 1515 2430 cauliculus
1583 2354 1924 2455 (scapus
2007 2358 2326 2436 Gaertn.

251 2465 534 2565 tigelle
580 2466 849 2564 Rich.)
900 2468 1023 2542 vix
1072 2466 1448 2564 distingui
1495 2483 1863 2556 meretur,
1909 2493 2095 2545 nam
2131 2496 2316 2548 cum

249 2582 709 2657 rhizomate
776 2580 1124 2657 confluit.
1237 2585 1636 2657 Punctum
1711 2584 2048 2665 centrale
2111 2584 2326 2661 inter.

254 2694 576 2795 apicem
636 2695 1094 2771 inferiorem
1164 2694 1625 2770 rhizomatis
1692 2707 1768 2769 et
1815 2696 2314 2795 superiorem

253 2809 579 2911 scapelli
658 2811 938 2896 oritur,
1015 2833 1057 2885 e
1133 2833 1298 2910 quo
1373 2832 1693 2883 sursum
1771 2807 2110 2907 plantula
2160 2809 2313 2909 ,ad7-

252 2923 571 2998 scendit
617 2922 1127 3022 cotyledones
1177 2921 1504 3009 elevans,
1555 2920 1935 2999 deorsum
1994 2920 2320 2999 descen--

254 3033 379 3110 dit
439 3035 817 3113 radicem'
855 3061 1229 3114 exserens.
1357 3039 1455 3111 In
1520 3036 1953 3131 embryone
2027 3038 2311 3133 germi-

251 3161 501 3223 nante
563 3149 750 3227 hinc
808 3165 1233 3254 utramque
1279 3162 1585 3252 partem
1636 3146 2117 3245 distinguere
2164 3174 2311 3251 po·

185 3304 187 3307 ·
250 3261 479 3348 teriS‚
547 3278 724 3339 ante
782 3265 1439 3364 germinationem
1471 3261 1602 3337 -nil
1647 3262 1894 3337 hahes
1941 3263 2091 3339 nisi
2144 3289 2306 3339 em-

248 3376 655 3472 hryonem
726 3378 991 3478 ipsum
1053 3393 1130 3456 et
1189 3377 1698 3476 cotyledones
1762 3389 1839 3452 et
1883 3377 2314 3478 plumulas‚.

249 3501 540 3590 utpote
586 3504 845 3592 partes
891 3492 1138 3592 ipsius
1188 3492 1605 3568 distinctas.

451 3604 935 3693 Directione‘
973 3605 1456 3703 embryones
1504 3604 1731 3691 recti,
1820 3605 2112 3681 arcuati
2176 3606 2308 3681 vel

248 3715 548 3806 falcati,
613 3718 963 3794 uncinati
1031 3734 1107 3795 et
1169 3719 1467 3817 cyclici,
1534 3717 2097 3818 conduplicati',
2147 3719 2314 3818 spi-2

249 3831 490 3920 raleS‚
573 3833 1034 3930 gnomonici
1106 3833 1156 3908 i.
1232 3858 1292 3908 e.
1381 3832 1484 3908 ad
1552 3848 1859 3909 rectum
1919 3833 2310 3930 angulum

250 3944 454 4033 flexi,
503 3946 929 4050 serpentini
980 3961 1057 4023 et
1104 3946 1541 4046 sigmoidei,
1585 3949 1704 4025 uti
1740 3947 1986 4025 littera
2016 3950 2078 4024 S
2115 3946 2295 4023 flexi

254 4058 689 4153 (Gaertner
738 4063 1127 4159 CLXVI.)
