2843 4800
855 348 1623 431 s‘rRucTURA.
2124 303 2306 456 10'1·

397 554 683 648 Magna
744 560 933 623 sunt
1002 547 1089 624 in
1161 548 1447 651 plantis
1516 549 2025 640 succulentis,
2108 552 2255 628 mi-

202 689 402 741 nora
451 665 539 738 in
587 661 1069 745 siccioribus,
1118 662 1452 739 minima
1501 663 1585 740 in
1638 663 2032 742 Coniferis
2079 666 2251 774 qui-

197 776 547 854 busdam
598 788 675 851 et
718 775 1137 876 Aquaticis.

388 896 488 968 In
568 888 744 967 Pini
826 889 1238 991 speciebus
1319 902 1484 965 tam
1566 916 1800 993 parva
1865 893 2087 979 sunt,
2158 905 2254 968 ut

197 1005 432 1081 multi
495 1017 855 1079 auctores
918 1001 1044 1078 his
1112 995 1696 1101 denegaverint,
1778 1017 1840 1080 e.
1890 1028 1957 1103 g.
2006 991 2249 1080 Fran-

200 1119 312 1195 zel
366 1119 606 1213 (Ueb.
654 1115 1110 1214 Aussteigen
1162 1112 1300 1191 des
1352 1116 1601 1193 Saftes
1649 1118 1734 1193 in
1786 1117 1859 1193 d.
1890 1122 2248 1198 Baumen

196 1260 267 1334 p.
320 1234 566 1330 198),
614 1229 1028 1332 Rudolphi
1082 1232 1345 1326 (Anat.
1394 1258 1470 1332 p.
1522 1233 1761 1331 192),
1808 1230 2247 1309 Bernhardi

199 1346 506 1441 (Ueber
552 1342 1073 1441 Pflanzengef.
1122 1370 1196 1444 p.
1249 1347 1433 1443 11.).
1541 1346 1817 1422 Inveni
1866 1347 1951 1421 in
1997 1346 2246 1422 turio-

196 1461 433 1535 nibus
481 1459 869 1537 Pinorum
917 1457 1295 1554 (Grundl.
1343 1486 1418 1560 p.
1468 1463 1626 1555 66.)
1675 1484 1866 1536 nam
1915 1483 2080 1537 non
2118 1483 2245 1536 so-

193 1571 365 1650 lum
413 1573 742 1649 minima
793 1586 997 1662 sunt,
1047 1571 1189 1648 sed
1229 1597 1557 1674 quoque
1609 1573 1764 1650 cito
1815 1588 2244 1662 mutantur,

192 1688 293 1764 ita
344 1701 437 1763 ut
485 1712 527 1763 a
580 1689 775 1779 vasis
823 1686 1143 1764 fibrosis
1191 1710 1362 1762 non
1415 1686 1894 1786 distinguas.-
1977 1691 2074 1763 In
2121 1712 2243 1764 re-

190 1802 427 1903 liquis
493 1800 887 1880 Coniferis
956 1800 1366 1889 omnibus,
1433 1814 1511 1876 et
1567 1802 2025 1890 Dammara,
2095 1804 2242 1879 Be-

192 1916 371 2005 lide,
415 1915 831 1995 Araucaria
881 1915 1164 2003 inveni,
1202 1939 1692 2016 quamquam
1740 1940 1974 2016 parva
2025 1915 2198 1991 sint.

378 2032 473 2107 In
530 2034 800 2108 Rusco
853 2026 1202 2105 aculeato
1254 2030 1588 2105 minima
1641 2049 1969 2131 quoque
2035 2042 2239 2116 sunt,

192 2144 319 2221 cui
393 2143 804 2242 denegavit
878 2141 1315 2219 Bernhardi
1388 2144 1627 2239 (Ueb.
1675 2139 2237 2242 ·Pflanzengef.

188 2285 263 2361 p.
313 2262 487 2356 12),
538 2256 679 2335 sed
726 2258 813 2333 in
860 2256 1100 2332 ramis
1147 2254 1595 2355 junioribus
1643 2257 1806 2333 vidi
1867 2255 2235 2353 (Grundl.

188 2400 263 2474 p.
309 2375 478 2472 66.).
573 2374 665 2448 In
714 2371 952 2450 Visco
1003 2371 1294 2474 utique·
1334 2371 1641 2461 adsunt,
1690 2371 1930 2450 simili
1976 2369 2231 2449 modo

187 2511 276 2562 ac
325 2487 410 2560 in
461 2486 625 2562 aliis
671 2486 958 2588 plantis
1005 2486 1385 2563 mutanda
1438 2486 1641 2584 (Cfr.
1702 2488 1974 2566 Kieser
2029 2485 2232 2584 Phy-

184 2614 472 2677 totom.
519 2626 595 2700 p.
643 2601 869 2697 147.).

381 2718 626 2789 Parva
690 2738 1009 2815 quoque
1083 2730 1271 2793 sunt
1343 2712 1432 2790 in
1502 2712 1929 2818 Aquaticis,
2000 2719 2230 2791 Pota-

182 2828 622 2928 magitone‚
669 2828 1227 2929 Myriophyllo,
1279 2829 1844 2920 Zannichellia,
1905 2830 2228 2905 Ranun-

187 2945 391 3041 culo
442 2942 783 3045 aquatili.
907 2943 1350 3019 Generibus
1424 2941 1747 3020 duobus
1825 2940 2229 3044 prioribus

187 3058 591 3156 denegavit
634 3055 1050 3158 Rudolphi
1100 3056 1364 3154 (Anat.
1421 3082 1492 3157 p.
1529 3059 1722 3154 192)
1755 3053 1896 3132 sed
1930 3053 2228 3130 habent

190 3171 565 3267 (Grunffl.
613 3199 689 3275 p.
737 3173 922 3266 65..)
2007 3198 2137 3288 uf.

373 3286 678 3363 Desunt
736 3283 1113 3389 Najadi„
1129 3283 1570 3372 Cauliniae‚
1646 3274 2223 3387 Ceratophyllo,

193 3405 579 3490 Zosterae,
638 3404 1018 3487 Lemnae,
1073 3392 1406 3488 Charae,
1459 3424 1655 3500 quas
1714 3398 1981 3499 itaque
2029 3420 2223 3474 voce

191 3516 520 3611 generali
580 3512 918 3613 Naiades
994 3511 1322 3591 dixerim
1340 3572 1359 3601 ‚
1435 3510 1585 3588 nisi
1670 3512 1925 3592 Chara
2003 3536 2220 3613 sepa-

191 3629 421 3706 randa
467 3620 728 3703 fuerit.

362 3747 461 3821 In
509 3739 888 3818 Filicibus
936 3739 1207 3819 adesse
1256 3763 1540 3816 omnes
1590 3737 2087 3817 conveniunt

360 3855 661 3937 Muscis
710 3854 1029 3941 desunt;
1080 3854 1182 3930 de
1228 3853 1356 3940 iis,
1407 3875 1611 3954 quae
1639 3850 2219 3930 Moldenhauer

190 3966 261 4043 in
291 3971 672 4073 Sphagno
708 3968 1174 4048 obtusifolio
1200 3965 1590 4059 indicavit,
1615 3970 1895 4065 (Beytr.
1918 3992 1993 4065 p.
2014 3965 2215 4058 210.)

186 4081 371 4163 infra
423 4085 754 4165 dicetur.
2044 4157 2052 4165 .
