2843 4800
520 308 669 382 278
892 267 895 271 ’
1388 302 1717 415 rhos.-

462 582 469 589 ,
521 503 784 585 Rivini
833 526 1071 603 supra
1120 498 1374 599 (163)
1419 498 1724 574 dictum
1782 497 2165 588 libellum.
2269 499 2578 599 Saepis-
2634 526 2637 535 ⁴

523 619 724 693 sime
772 618 1050 714 stigma
1102 608 1464 697 centrum
1514 613 1783 688 circuli
1836 611 2107 701 efficit,
2169 612 2579 689 interdum

523 759 714 810 vero
793 730 1317 807 excentricum
1395 741 1540 813 est,
1602 743 1696 804 ut
1741 727 1826 802 in
1876 729 2161 827 Pyrola
2210 729 2577 804 rotundi-

525 847 736 924 folia.
844 940 849 943 ι
1140 920 1146 925 .

721 961 1039 1038 Corolla
1104 960 1448 1063 aequalis
1515 982 1844 1059 quoque
1912 956 2013 1033 de
2062 959 2576 1061 monopetala
2655 1036 2661 1047 ,

529 1091 606 1153 et
664 1075 1105 1178 polypetala
1172 1074 1492 1159 dicitur,
1558 1097 1599 1147 e
1651 1074 2072 1170 segmentis
2123 1087 2258 1148 aut
2305 1075 2578 1175 petalis

529 1189 988 1291 aequalibus
1034 1187 1392 1265 formata.

724 1301 1044 1381 Corolla
1128 1315 1243 1388 est
1325 1302 2012 1379 uni-multiseriata
2101 1303 2377 1404 petalis
2463 1329 2579 1379 se-

528 1418 960 1521 gmentisve
1007 1416 1090 1489 in
1141 1440 1310 1490 uno
1361 1414 1821 1516 pluribusve
1873 1416 2202 1493 orbibus
2249 1419 2547 1518 positis.

724 1530 1043 1609 Corolla
1108 1529 1617 1632 monopetala
1688 1516 2066 1606 dividitur
2128 1533 2213 1606 in
2286 1533 2577 1608 tubum

410 1697 417 1707 -
531 1661 607 1724 et
662 1625 1008 1721 limbum
1075 1644 1176 1720 ad
1237 1644 1549 1722 faucem
1613 1660 2016 1721 connatos.
2143 1649 2457 1748 Species
2519 1673 2578 1722 c.
2625 1663 2630 1668 ’

529 1759 1083 1861 monopetalae
1175 1773 1360 1857 sunt
1459 1785 1616 1835 cor.
1685 1759 2036 1859 globosa,
2109 1764 2378 1848 omlis,
2453 1761 2604 1837 ob-·

529 1879 784 1975 longa,
837 1876 1265 1977 cylindrica,
1324 1876 1845 1977 cyathzformzls·
1882 1876 2220 1971 (inverse
2272 1876 2578 1973 conica)

528 1991 783 2066 limbo
848 2015 892 2064 a
954 1989 1152 2063 tubo
1221 2011 1389 2062 non
1443 1987 1816 2076 discreto,
1866 1991 2016 2064 nisi
2072 1991 2296 2091 quod
2345 1991 2583 2066 inter—
2631 1998 2632 2005 ’

534 2104 734 2181 dum
830 2102 1166 2178 reflexus
1261 2103 1400 2189 sit3
1509 2103 2214 2207 insundzbz’l'sormzls·
2326 2106 2579 2181 limbo

531 2219 730 2296 tubo
770 2217 1097 2317 oblique
1127 2215 1529 2316 imposito,
1562 2219 2032 2321 hypocr-atem
2061 2223 2288 2296 ermis*
2330 2219 2580 2295 limbo

532 2333 731 2409 tubo
787 2330 1238 2427 elongato
1204 2331 1352 2405 sub
1407 2332 1696 2430 angulo
1749 2349 1963 2410 lecto
2016 2335 2416 2435 impositu,
2468 2365 2586 2411 ro-

533 2464 700 2523 tata
762 2445 1014 2520 limbo
1082 2446 1279 2520 tubo
1348 2446 1565 2521 brevi
1616 2450 1765 2525 sub
1820 2449 2109 2546 angulo
2162 2463 2376 2525 recto
2439 2451 2586 2524 im-

535 2560 831 2663 posit0,
884 2586 1039 2635 cor.
1089 2566 1634 2661 campanulum
1681 2564 1848 2638 basi
1892 2564 2209 2660 globosa
2245 2589 2585 2665 superne

536 2675 943 2762 tubulosa,
1017 2680 1573 2779 campanellam
1634 2677 1814 2752 basi2
1866 2677 2237 2754 tubulosa
2310 2679 2583 2755 medio

541 2790 1080 2891 campanulata
1149 2815 1489 2891 superne
1551 2792 1843 2867 iterum
1918 2792 2310 2881 tubulosa‚
2357 2808 2452 2869 ut
2499 2793 2582 2868 in

544 2904 1060 3006 Compositis,
1143 2903 1520 2982 urceolata
1596 2910 1745 2983 sub
1820 2907 2071 2982 limbo
2147 2909 2585 2996 constricta,

541 3023 862 3121 lz’gulata
907 3020 1071 3094 basi
1124 3020 1531 3108 tubulosa,
1581 3020 1833 3118 limbo
1890 3020 2316 3121 explanatO,
2366 3038 2459 3099 ut
2504 3025 2588 3097 in

546 3133 1226 3210 Semi'ssosculosiS.
1350 3139 1517 3210 Hae
1589 3149 1681 3210 ut
1764 3136 2031 3237 plures
2114 3136 2307 3211 aliae
2375 3137 2589 3237 apice

542 3273 1010 3328 VCI'I'UCOSae
1060 3262 1263 3322 SUnt.

740 3363 1058 3439 Corolla
1106 3361 1398 3439 labz’ata
1444 3361 1684 3438 habet
1725 3379 2140 3494 segmenta
2157 3363 2387 3438 limbi
2425 3361 2587 3439 duo

547 3461 590 3553 a
639 3476 893 3552 tiibus
941 3490 1310 3577 reparata.
1406 3478 1744 3584 Labium'
1794 3479 2175 3580 superiuS‚
2222 3483 2445 3578 galea
2480 3476 2591 3551 di-

549 3605 786 3678 ctum,
836 3590 1243 3665 interdum
1313 3618 1548 3693 supla
1603 3618 2047 3668 convexum
2080 3594 2283 3667 intra
2320 3616 2593 3667 conca-

419 3704 421 3707 ⁴
547 3731 739 3782 vum
808 3719 950 3789 est3
1012 3703 1317 3779 labium
1379 3704 1710 3780 inferius
1774 3731 1915 3781 seu
1974 3705 2264 3782 labzum
2339 3707 2643 3801 stricte·

549 3822 660 3906 sic
711 3819 1012 3896 dictum
1063 3843 1292 3920 saepe
1338 3820 1580 3924 habet
1624 3820 1988 3895 laciniam
2021 3819 2374 3900 mediam
2424 3822 2595 3896 lon-

550 3935 857 4031 giorem
923 3949 999 4008 et
1047 3934 1430 4034 partitam.
1497 3936 1765 4022 Rz'ctus
1795 3947 1933 4018 est
1982 3949 2345 4034 apertura
2395 3934 2598 4008 inter

552 4048 851 4146 galeam
903 4062 979 4123 et
1028 4048 1371 4135 labium·
1399 4073 1441 4123 a
1476 4047 1702 4135 fauce
1735 4048 1938 4136 bene
1976 4045 2596 4148 distinguendus.
