2843 4800
555 339 702 415 304
1420 337 1481 412 F
1500 336 1656 418 120
1675 337 1748 409 S.

561 559 805 640 quem
839 560 1120 618 omnes
1152 533 1397 614 secuti
1427 548 1620 632 sunt
1635 534 2021 611 Botanici.
2121 537 2226 611 At-
2251 550 2611 634 praestat

559 677 911 782 germen
902 677 977 727 a
1026 650 1319 753 pistillo
1389 639 1932 747 distinguere,-
1973 674 2160 728 cum
2213 649 2613 748 pistillum

561 797 618 860 ει
653 766 1009 867 germine
1057 789 1241 841 non
1273 790 1456 842 raro
1508 777 1955 864 separatum
2005 764 2136 854 sit,
2203 777 2282 838 et
2327 788 2611 839 nume-

558 908 696 960 rus
760 881 1212 979 germinum
1262 902 1464 964 cum
1500 903 1854 972 numero
1904 877 2388 980 pistillorum
2438 904 2608 956 nou

561 1020 907 1097 semper
922 992 1349 1070 conveniat.
1653 1019 1686 1030 ’·
2555 1055 2560 1066 .

630 1137 635 1140 ·
754 1107 1130 1202 Germina
1181 1065 1689 1188 constituunt
1716 1103 2292 1196 rudimentum
2306 1105 2611 1193 fructus

559 1228 647 1302 in
720 1224 947 1310 flore-¹
997 1235 1105 1297 et
1094 1245 1367 1322 saepe
1421 1215 1680 1321 plura.
1710 1235 1940 1298 sunt.
2027 1224 2288 1300 Tunc
2321 1222 2606 1352 pistilla

557 1353 681 1418 tot
710 1352 895 1458 sunt
942 1361 1187 1438 quam
1233 1335 1640 1433 germina.
1633 1348 1795 1444 aut
1839 1334 2252 1435 pistillum·
2271 1337 2604 1413 unicum

564 1471 681 1535 est
725 1451 815 1530 in
860 1443 1148 1532 eorum
1198 1462 1468 1525 centro
1524 1448 1958 1544 insertum..

752 1567 1101 1656 Unicum
1180 1562 1588 1665 pistillum
1640 1577 1793 1650 ‚aut
1870 1586 2194 1660 germen
2261 1529 2609 1652 unicum

562 1683 994 1774 terminat,
1028 1691 1163 1768 aut
1222 1678 1476 1778 plura
1491 1665 1800 1777 pistill'a
1861 1677 2010 1753 sibi
2061 1678 2413 1779 apposita
2464 1679 2610 1755 hu-

563 1797 686 1898 jus
748 1798 1021 1872 locum
1062 1792 1975 1891 ,occupant22interdum
2027 1792 2205 1880 basi
2237 1808 2609 1880 connata.

563 1911 795 2000 Varia,
826 1910 1069 1986 -hinc¹
1089 1905 1370 2003 :oritur
1429 1904 1922 2003 Polygy-nia,¹
1957 1929 2216 2005 quam.
2262 1904 2611 1992 dividere

564 2025 865 2156 poteris
932 2021 1018 2095 in
1079 2016 1596 2116 Polygyniam
1633 2044 1955 2107 weram,
2003 2019 2092 2093 'si
2153 2017 2386 2120 plura
2443 2044 2612 2118 ger-

563 2140 795 2226 mina
828 2133 1177 2228 adsunt,
1254 2132 1558 2232 quovis
1586 2133 1953 2262 germine
2020 2134 2268 2230 stle
2291 2133 2609 2223 donato,

570 2267 648 2332 et
693 2252 776 2326 in
824 2245 1337 2345 Polygyniam
1384 2246 1774 2345 spuriam,
1825 2246 1890 2321 si
1939 2246 2206 2349 plures
2253 2249 2427 2345 styli
2480 2249 2611 2328 ad-

568 2379 753 2455 sunt
798 2363 1038 2457 unius
1087 2357 1387 2457 locum
1410 2374 1907 2462 occupantes.

636 2532 641 2537 -
760 2477 1042 2571 Rarius
1116 2473 1383 2572 stylus
1432 2498 1601 2571 non
1678 2500 1767 2551 ex
1817 2476 2033 2576 apice
2081 2475 2222 2559 sed
2286 2503 2329 2565 e
2377 2478 2609 2565 latere

569 2592 942 2691 germinis
993 2591 1191 2677 exit,-
1222 2602 1337 2664 ut.
1360 2589 1446 2665 in
1496 2590 1865 2667 Rosaceis
1913 2591 2142 2665 variis
2194 2607 2330 2667 etc.
2427 2597 2610 2668 Non

571 2705 1201 2808 comparandum
1267 2728 1455 2779 cum
1487 2770 1494 2779 .
1523 2702 1748 2797 arista
1817 2705 2293 2785 Graminum
2367 2710 2612 2804 (Tur-

569 2821 708 2922 pin
788 2819 1462 2917 Ess.d’1.conogr
1513 2844 1617 2916 p.
1691 2816 1910 2913 136.)
1985 2843 2216 2894 nam.
2236 2820 2322 2893 in
2383 2821 2608 2896 arista

567 2958 781 3012 unus
849 2947 963 3009 est
1021 2930 1435 3008 fasciculus
1497 2904 1885 3029 lignosuS,
1947 2933 2047 3007 in
2098 2933 2390 3035 pistillo
2440 2935 2609 3034 plu-

569 3074 695 3125 res
762 3047 1066 3126 adsunt.
1178 3049 1319 3124 Est
1377 3045 1646 3146 potius
1708 3045 2026 3123 initium
2049 3036 2284 3123 situs
2346 3048 2605 3150 pistilli

573 3161 951 3239 centraliS.

538 3413 778 3521 4175.
852 3492 855 3495 .
901 3416 1231 3531 Seylus·
1288 3424 1718 3513 constat,
1778 3441 1831 3502 e
1904 3410 2458 3503 fasciculis(
2512 3412 2607 3501 Ii.-

692 3553 1024 3665 gnosis
1093 3619 1099 3625 -
1160 3552 1869 3671 periphericis,
2002 3553 2609 3679 proseuchy-

646 3780 651 3784 ,
696 3705 975 3792 mate
1027 3689 1366 3780 medio
1410 3706 1542 3781 'et
1602 3691 2131 3782 ambiente.

771 3866 1172 3938 structura
1246 3859 1418 3957 styli
1496 3887 1539 3937 a
1609 3843 1995 3939 structura
2068 3850 2448 3938 filamenti
2519 3886 2610 3936 eo

535 3976 1077 4076 ..potissimum
1139 3971 1438 4063 differt,
1523 3974 1764 4075 quod.
1817 3976 1910 4053 ‘in
1983 3976 2141 4051 hoc
2200 3976 2613 4054 fasciculus

572 4085 764 4187 ligni
839 4090 1144 4196 positus
1193 4089 1311 4173 ‚sit
1369 4084 1453 4164 in
1521 4088 1814 4177 medio·
1857 4088 2272 4179 filamenti,
2322 4092 2408 4167 in
2455 4091 2612 4175 illo,

2370 4228 2611 4313 quau-
