2843 4800
540 298 697 378 160
1168 269 1173 277 ’
1350 235 1799 375 cAUms.

552 496 790 574 tione.
870 495 1002 571 Et
1058 492 1420 580 videmus
1492 496 1580 573 in
1630 509 1907 575 exortu
1953 515 2448 598 gemmarum
2499 520 2593 574 ac

549 633 963 688 ramorum
1020 606 1290 698 fibras,
1374 634 1579 712 quae
1643 610 1770 688 ad
1858 611 2059 688 latus
2146 610 2595 699 flectuntur,

510 721 715 798 ‘fere
766 746 1045 805 omnes
1096 737 1430 806 accretas
1480 740 1558 801 et
1604 726 1992 827 appositas
2044 749 2252 800 esse.
2328 730 2595 819 Quam

416 865 419 874 ”
540 838 659 912 ,01)
722 861 893 922 rem
924 869 927 874 ·
954 835 1535 913 incrementum
1600 836 1699 914 ad
1764 840 1964 915 latus
2026 836 2199 913 fieri
2276 856 2595 914 necesse

537 964 686 1026 est.
814 952 1112 1031 Auctor
1170 952 1684 1052 hypothesin·
1745 975 1971 1028 suam
2049 952 2219 1053 ipse
2284 950 2592 1039 refutat,

540 1065 755 1146 dum
828 1066 1452 1165 experimentum
1526 1064 1864 1142 adducit
1914 1066 2114 1150 rami
2178 1064 2591 1163 Amygdali

551 1181 637 1255 in
684 1203 1003 1260 ramum
1062 1180 1307 1255 Pruni
1373 1179 1848 1256 domesticae
1896 1179 2195 1267 inserti,
2254 1178 2394 1260 ubi
2441 1201 2594 1253 no-

551 1319 744 1369 vum
793 1306 1121 1374 stratum
1144 1307 1589 1374 -accretum·
1611 1294 1948 1378 rubrum
1999 1291 2134 1380 estg
2170 1292 2294 1369 ¹uti
2343 1291 2591 1368 Pruni

549 1408 889 1506 lignum,
940 1430 1084 1481 nec
1128 1407 1448 1495 flavum,
1495 1407 1638 1488 uti¹
1671 1405 2098 1505 Amygdali·
2131 1407 2340 1504 (Ess,
2388 1408 2516 1482 IV.
2532 1404 2590 1501 ).

551 1519 796 1597 Addit
844 1519 1189 1621 quidem,
1242 1535 1571 1598 stratum
1622 1547 1925 1605 novum
1976 1545 2018 1596 e
2069 1519 2381 1596 cambio
2440 1543 2591 1606 nu-

552 1635 755 1723 triri,
816 1648 921 1718 ,et
965 1634 1366 1712 cambium
1430 1660 1596 1711 esse
1656 1658 1990 1712 succum*
2044 1632 2291 1708 P-runi
2354 1631 2592 1708 indo-

550 1748 711 1826 lem
761 1747 1217 1835 habentem,
1266 1748 1492 1834 ,unde-
1552 1762 1629 1826 et
1675 1762 2001 1823 stratum
2049 1746 2294 1830 Pruni
2356 1744 2590 1820 indo-

548 1862 731 1946 lem·
757 1860 1126 1946 habuisse
1176 1885 1490 1944 necesse
1541 1885 1722 1937 esse.
1822 1865 1921 1938 At
1968 1884 2153 1936 cum
2205 1885 2294 1936 ex
2340 1859 2592 1940 hocce

551 1990 787 2051 strato
873 1998 1150 2048 succus
1229 1974 1313 2060 in
1394 1999 1712 2052 ramum
1790 1974 2178 2052 insertum
2234 1986 2591 2062 transeat,

550 2114 740 2165 cum
813 2100 1169 2166 stratum,
1214 2086 1462 2163 hocce
1540 2087 1949 2180 cambium·
2004 2102 2320 2184 exsugat
2373 2100 2455 2161 et
2502 2086 2592 2160 in

550 2225 779 2282 suam
843 2214 1239 2282 convertat
1298 2201 1807 2286 substantiam
1828 2260 1846 2290 ,
1900 2223 2231 2301 quaero,
2284 2224 2423 2280 cur
2470 2226 2592 2275 ra:-

544 2341 778 2398 mum
828 2312 1578 2415 flavumaael-ivnquat,
1627 2338 1772 2389 nec
1821 2314 1906 2389 in
1929 2314 2197 2405 ‘Pruni
2233 2315 2591 2403 substan-

550 2431 743 2513 tiam
791 2427 1113 2502 rubram
1162 2431 1460 2503 mutet?
1528 2431 1830 2513 Verum
1877 2429 2155 2530 utique
2205 2442 2346 2515 est,
2400 2453 2589 2509 cum

553 2542 1063 2645 explicatione
1118 2541 1316 2617 rami
1379 2567 1830 2623 accrescere
1860 2557 2234 2631 stratum,
2270 2557 2345 2618 at
2385 2540 2591 2629 effe-

553 2673 721 2734 ctus
773 2654 1288 2745 simultaneus
1353 2671 1510 2745 est,
1565 2682 1750 2735 nec
1775 2671 2104 2762 stratum
2167 2683 2208 2737 e
2273 2645 2589 2797 gemma

551 2772 924 2852 exoritur.

741 2884 1286 2988 Reproductio
1339 2874 1645 2963 corticis
1692 2886 2068 2973 facillime.
2108 2884 2216 2972 fit,
2260 2884 2377 2959 uti
2416 2907 2590 2965 om-

546 3026 693 3085 nes*
761 3013 1066 3076 norunt
1133 2999 1555 3088 hortulani.
1665 3004 1892 3083 Rem,
1937 3011 2287 3085 accurate
2353 3022 2588 3099 expo-

538 3117 708 3192 suit
754 3118 887 3189 Du
935 3112 1217 3191 Hamel
1267 3115 1525 3215 (Phys.
1578 3111 1650 3187 d.
1702 3113 1899 3188 arbr.
1931 3118 2011 3189 L.
2045 3117 2120 3189 4.-
2148 3114 2230 3190 G.
2264 3116 2330 3188 3.
2364 3114 2455 3188 A.
2481 3110 2585 3207 2.)

541 3243 645 3304 et·
698 3227 900 3311 -vidit
977 3227 1474 3326 superiorem
1553 3224 1918 3302 vulneris·
1976 3242 2282 3330 partem
2360 3225 2587 3327 prius

542 3341 847 3428 restitui
863 3397 893 3427 ‚,
955 3365 1213 3439 quam¹
1262 3337 1741 3415 inferiorem.
1853 3342 2110 3423 Facile
2160 3355 2306 3429 est,
2358 3329 2587 3439 expe-

542 3454 882 3530 rimenta
933 3453 1273 3529 auctoris
1320 3456 1690 3553 repetere.
1786 3455 2129 3553 Lignum
2180 3452 2586 3529 difficilius

540 3565 1128 3670 reproducitur‚
1196 3579 1272 3643 et
1331 3565 1653 3643 vulnera
1702 3568 1930 3646 initio
1981 3569 2588 3671 parenohymate

541 3682 980 3783 replentur,
1031 3691 1205 3753 tum
1257 3679 1625 3756 oriuntur
1671 3708 1847 3759 vasa
1896 3682 2222 3769 fibrosa,
2274 3694 2350 3756 at
2394 3679 2586 3754 irre-

545 3794 913 3893 gulariter
962 3806 1354 3880 contorta,
1404 3794 1521 3869 uti
1574 3795 1741 3895 ipse
1788 3794 1948 3870 vidi
2003 3810 2077 3870 et
2123 3798 2257 3871 Du
2303 3791 2586 3869 Hamel

546 3908 641 4007 (l.
695 3908 800 4006 c.)
853 3906 1306 3983 adnotavit·
1390 3908 1616 4001 Cum,
1648 3908 1886 4006 igitur
1932 3909 2362 3986 substantia
2414 3905 2586 3980 vul-

545 4036 733 4099 ne-r‘a
796 4021 1106 4123 replens
1166 4034 1283 4098 sat
1347 4019 1649 4098 divers-a
1713 4022 1815 4097 sit
1861 4048 1903 4098 a
1973 4021 2282 4122 reliquo
2342 4022 2586 4119 ligno,

2461 4133 2585 4211 lit-
