2843 4800
537 354 687 432 242
1134 366 1149 393 -·
1222 394 1227 401 ι
1389 345 1716 422 nos.
1796 306 1850 405 ζ

1364 798 1391 807 ”
1467 776 1663 976 lx.

1042 1046 1920 1181 2eros“

546 1456 749 1550 147
868 1455 1090 1546 Flos
1134 1394 1303 1541 est
1362 1404 1733 1571 gemma,
1799 1450 2223 1541 stamma
2278 1394 2581 1570 pistils

620 1594 877 1685 lave
963 1602 1133 1681 aut
1200 1594 1666 1727 utraque
1701 1586 2276 1687 lmmediate
2321 1617 2580 1717 pro

570 1732 1024 1824 ferens
1063 1722 1161 1836 J*
1196 1738 1239 1835 j
1290 1744 1297 1763 ’

733 1904 920 1982 Flos
987 1915 1102 1978 est
1163 1927 1509 2000 gemma,
1574 1924 1739 1976 non
1805 1902 2071 1978 solum
2130 1902 2368 2000 igitur
2430 1854 2576 1977 sta-

541 2021 757 2096 mina
819 2016 1197 2119 pistillave
1260 2016 1643 2101 continet,
1705 2014 1842 2089 sed
1884 2039 2220 2144 ’quoque
2269 2014 2576 2090 involu-

544 2159 669 2209 cra
748 2156 837 2207 ea
909 2128 1390 2204 includentia
1467 2141 1542 2202 et
1620 2128 1972 2225 tegentia.
2087 2129 2433 2204 Stamina
2502 2143 2578 2204 et
2629 2157 2670 2189 π

539 2244 826 2348 pistilla
908 2241 1366 2318 immediate
1446 2240 1775 2340 profert,
1857 2241 1902 2314 i.
1970 2265 2031 2315 e.
2094 2267 2260 2317 non
2343 2241 2573 2317 aliam

536 2381 937 2457 gemmam
1010 2355 1407 2458 protrudit
1474 2379 1515 2430 e
1568 2380 1720 2457 qua
1772 2369 2232 2444 nascuntur,
2292 2355 2430 2432 sed
2482 2380 2572 2431 ex

532 2473 700 2575 ipsa
750 2495 1064 2568 gemma
1116 2470 1411 2545 emittit.

723 2585 978 2661 Floris
1040 2599 1294 2685 partes
1357 2609 1522 2660 esse
1582 2582 1774 2660 folia
1834 2598 2130 2659 mutata
2193 2608 2360 2660 non
2442 2609 2564 2660 so-

531 2699 703 2775 lum
753 2700 1137 2800 probatur
1186 2698 1341 2773 situ
1388 2698 1843 2775 verticillato
1898 2698 2318 2774 alternante
2360 2697 2566 2773 foliis

504 2813 891 2914 ,propri0‚
955 2810 1095 2887 sed
1160 2835 1488 2912 quoque
1550 2814 1989 2888 mutatione
2036 2811 2235 2912 ipsa,
2289 2833 2565 2885 omnes

531 2927 745 3001 enim
808 2927 1099 3001 morbo
1169 2938 1302 3000 aut
1362 2940 1817 3002 monstroso
1886 2923 2172 2999 affectu
2232 2923 2317 2997 in
2378 2921 2567 2999 folia

526 3053 863 3114 mutatas
951 3062 1150 3126 esse,
1241 3039 1707 3137 experientia
1809 3036 2097 3111 docuit.
2244 3038 2568 3131 Quaerit

528 3153 828 3228 Cassini
917 3154 1225 3251 (Iourn.
1327 3150 1397 3225 d.
1489 3149 1740 3246 Phys:
1809 3153 1895 3223 T.
1982 3154 2098 3225 89.
2199 3177 2275 3250 p.
2349 3149 2563 3245 404.)

526 3289 667 3339 cur
751 3264 940 3341 folia
1024 3266 1109 3339 in
1183 3278 1437 3365 partes
1512 3262 2034 3360 generationis
2105 3263 2272 3342 vice
2345 3288 2559 3338 versa

521 3400 689 3450 non
762 3391 1188 3453 mutentur.
1319 3374 2008 3477 Respondendum
2076 3392 2191 3452 est
2252 3401 2562 3477 semper

470 3509 477 3516 ²
519 3487 602 3562 id
653 3486 845 3577 fieri,
898 3516 1082 3566 cum
1132 3490 1390 3591 planta
1441 3488 1676 3564 floret
1725 3504 1802 3564 et
1849 3491 2299 3592 saepissime
2344 3515 2560 3566 mor-

516 3601 720 3677 boso
798 3599 1085 3680 affectu
1156 3602 1239 3679 id
1306 3603 1528 3704 prius
1578 3600 1784 3691 fieri,
1860 3629 2104 3705 quam
2155 3603 2336 3679 alias
2385 3602 2558 3679 fieri

515 3713 730 3790 solet.
839 3714 993 3791 Cfr.
1044 3731 1308 3792 tamen
1362 3721 1523 3792 119.

699 3831 900 3905 Ante
946 3830 1385 3906 Linnaeum
1437 3828 1721 3906 florem
1773 3831 2153 3908 corollam
2219 3831 2554 3932 appella-

402 4013 408 4029 ·
506 3939 713 4015 bant.
835 3942 1228 4019 Linnaeus
1299 3966 1489 4018 vero
1563 3944 1983 4043 praecipue
2056 3946 2386 4021 stamina
2466 3970 2552 4020 ac

505 4051 821 4154 pistilla,
886 4069 1062 4131 tum
1113 4080 1441 4157 quoque
1493 4055 1835 4153 calycem
1885 4071 1963 4133 et
2010 4056 2396 4133 corollam
2449 4057 2550 4132 ad
