2843 4800
948 354 1685 439 vEGETA‘rlo.
2026 328 2030 333 ’
2193 360 2340 441 397

272 559 392 637 vit
438 546 942 656 Bmgmanns
989 557 1457 635 morbosam
1508 582 1674 635 esse
1721 558 2056 659 Hedwig
2083 559 2341 638 ‚adfir-

269 688 448 752 mat
475 672 997 774 (Humboldts
1020 672 1468 776 Aphorism.
1501 697 1563 767 3.
1599 672 1673 748 d.
1706 672 1970 750 chem:
1997 673 2336 773 Physiol.

267 818 348 893 p.
433 790 664 886 184..)
786 787 917 863 Fit
988 811 1172 863 sane
1248 786 1642 884 ejusmodi
1721 790 2070 877 secretio,
2146 814 2330 895 nam

268 928 602 1005 semper
680 900 1014 977 fibrillae
1093 900 1377 977 radicis
1449 900 1830 982 humidae
1909 917 2111 980 sunt.
2239 907 2344 982 At

246 1031 484 1121 puto
560 1014 1080 1093 secretionem
1152 1016 1381 1091 istam
1467 1015 1570 1095 ad
1659 1017 2340 1118 praeparationem

270 1133 654 1209 humoris
701 1129 1094 1232 pertinere
1145 1131 1283 1232 qui
1331 1131 1791 1207 resorbetur
1838 1131 2100 1231 (199).

304 1264 312 1275 ·
386 1266 391 1275 ·
484 1236 707 1333 Sola,
782 1244 908 1323 uti
988 1244 1303 1325 videtur
1384 1258 1462 1321 et
1539 1270 1719 1322 vera
1802 1246 2138 1357 excretio
2224 1250 2342 1325 est

270 1347 863 1462 transpiratios
910 1359 1676 1479 Transpiratione‘m‚
1744 1350 1987 1463 quam
2036 1375 2340 1449 vocant,

275 1472 827 1549 insensibilem
881 1473 964 1548 in
1013 1473 1297 1574 plantis
1346 1474 1518 1550 fieri
1559 1459 2121 1579 experimentis
2152 1501 2340 1578 pro·-

276 1588 502 1669 bavit
561 1588 792 1663 Hales
844 1576 1268 1687 (Vegetabl.
1323 1590 1617 1665 Statics.
1664 1588 1918 1666 Lond.
1956 1595 2190 1668 1738.
2213 1589 2341 1689 8..)

281 1702 589 1802 quibus
639 1700 823 1777 dein
873 1702 1118 1778 multa
1158 1702 1301 1778 alia
1350 1702 1831 1780 addiderunt
1849 1704 2337 1803 Physiologi.

275 1815 519 1891 Varia
571 1828 686 1890 est
732 1815 1173 1892 secundum
1225 1841 1690 1917 compagem
1728 1831 1804 1894 et
1834 1816 2339 1919 superficiem

271 1927 703 2017 foliorum,
754 1929 863 2004 sic
911 1930 1253 2007 Brassica
1302 1932 1553 2030 magis
1599 1931 2036 2033 transpirat,
2092 1946 2339 2036 quam

277 2044 569 2121 Citrus.
674 2043 1160 2121 Helianthus
1222 2056 1537 2121 annuus
1613 2044 2029 2122 altitudine
2091 2045 2339 2122 trium

240 2156 587 2290 ‘pedum
648 2157 885 2233 intra
904 2158 1001 2233 12
1030 2157 1284 2253 horas
1330 2145 1615 2235 libra-m
1670 2173 1745 2235 et
1792 2162 1841 2235 4
1886 2182 2067 2236 unc
2111 2159 2339 2238 exha-

241 2273 471 2348 ‘lavit
537 2272 624 2347 in
671 2271 962 2349 Halesii
1012 2270 1581 2375 experimentis
1669 2272 1843 2364 Diu
1891 2284 1988 2352 et
2011 2260 2098 2350 in
2146 2273 2339 2352 solis

271 2387 527 2464 radiis
597 2386 777 2490 plus
847 2387 1214 2464 humoris
1289 2388 1648 2466 exhalant
1706 2389 2018 2493 plantae
2090 2409 2336 2491 quam

273 2514 537 2579 noctu
596 2516 673 2579 et
731 2518 1093 2605 tempore
1153 2502 1468 2592 nubilo,
1535 2529 1698 2605 quo
1749 2503 2137 2603 majorem
2180 2504 2337 2579 ⁴hu-

272 2617 537 2693 moris
625 2618 938 2717 copiam
1023 2616 1416 2716 recipiunt
1489 2617 1919 2713 (Senebier
1995 2618 2339 2716 Physiol.

249 2755 444 2830 areg.
516 2735 604 2807 T.
669 2733 735 2805 4.
784 2758 857 2831 p.
909 2728 1095 2825 58..)
1195 2728 1654 2808 Differentia
1706 2731 1787 2804 in
1839 2753 2072 2805 ramo>
2118 2730 2332 2805 Rubi

275 2844 492 2922 idaei
544 2857 706 2921 erat
756 2848 851 2921 18
897 2867 1204 2942 granor.
1256 2841 1570 2940 (ibid).
1607 2837 2056 2934 Humorem
2100 2845 2336 2920 emis·

280 2983 468 3034 sum
521 2983 688 3034 non
756 2981 920 3034 esse
988 2971 1274 3059 aquam
1322 2955 1828 3058 purissimam
1895 2956 2115 3035 idem
2178 2961 2337 3034 Au-

250 3085 462 3147 etor
510 3070 892 3149 adfirmat.

483 3183 740 3275 Musa,
845 3175 1200 3287 aliaeque
1293 3183 1605 3287 plantae
1710 3182 2016 3283 magnis
2123 3183 2337 3263 foliis

282 3283 729 3398 praeditae,
767 3301 851 3375 in
913 3301 1173 3376 calore
1234 3313 1487 3399 guttas
1546 3324 1796 3401 aquae
1845 3323 1935 3375 ex
1986 3300 2336 3432 apicibus

254 3410 678 3490 ‘foliorum
748 3405 1127 3503 fundunt,
1195 3414 1424 3516 quod
1480 3414 1568 3488 i'n
1632 3413 1986 3490 caldariis
2049 3415 2336 3528 saepis-

286 3525 490 3602 sime
553 3527 965 3604 observare
1026 3528 1224 3603 lieet.
1335 3531 1541 3605 Rem
1602 3529 1909 3630 primus
1966 3529 2339 3605 indicavit

251 3635 801 3735 ·Bjerkander
830 3642 1257 3742 (Vetensks
1300 3637 1533 3720 Acad.
1572 3646 1823 3742 Hgar.
1876 3647 2084 3722 1773.
2134 3647 2216 3720 Ρ.
2268 3646 2335 3718 1.

261 3778 361 3884 οΡ.
414 3755 597 3854 71.).
932 3861 939 3876 Ι
1108 3867 1115 3876 ,

292 3901 517 4037 206.
594 3909 974 4039 -Stz'muli
1023 3947 1600 4066 plantarum
1655 3948 1867 4038 vim
1935 3946 2334 4039 vitalem

252 4121 263 4128 ·
416 4095 901 4179 excitantes
982 4102 1216 4178 sunt
1293 4088 1891 4207 praesertim
1971 4089 2336 4191 lumen,
