2843 4800
872 331 1619 410 STRUCTURA.
2178 334 2277 411 73

236 535 474 612 tomie
547 528 621 608 d.
695 530 1068 609 Pflanzen
1127 560 1202 635 p.
1267 534 1470 631 35),
1525 531 1918 634 Sprengek
1954 531 2277 630 (Anleit.

233 677 298 750 p.
349 647 581 743 179.).
690 645 1124 722 Bernhardi
1173 648 1483 749 primus
1535 671 1865 722 omnem
1917 671 2279 723 commu·-

230 763 711 837 nicationem
784 759 990 834 inter
1048 761 1364 837 cellulas
1430 762 1580 836 nisi
1642 787 1788 862 per
1842 787 2089 861 poros
2162 762 2281 836 in-

230 872 707 976 conspicuos
771 875 1081 971 negavit
1140 876 1605 972 (Beobacht.
1669 876 1799 950 fib.
1873 874 2281 951 Pflanzen-

229 989 517 1089 gefasse
584 1003 720 1063 etc.
785 986 1059 1064 Erfurt
1123 992 1332 1065 1805.
1382 1017 1457 1091 p.
1509 993 1621 1068 74.
1639 991 1694 1087 ).
1795 994 2057 1083 Quam
2108 1015 2283 1066 sen-

224 1103 556 1179 tentiam
618 1101 960 1202 probare
1026 1100 1294 1177 studui
1375 1101 1903 1202 (Grundlehr.
1976 1130 2051 1204 Ρ.
2103 1104 2282 1200 11.).

226 1216 797 1294 <Adsentierunt
847 1214 1318 1303 Treviranus
1369 1219 1493 1315 (V.
1539 1216 1878 1293 inwend.
1927 1218 2096 1292 Bau
2145 1232 2282 1293 etc.

224 1333 691 1434 p.16.17.‚)
746 1328 1121 1430 Sprengel
1172 1331 1292 1426 (V.
1341 1334 1511 1408 Bau
1560 1330 1632 1406 d.
1686 1334 1898 1406 Gew.
1960 1358 2035 1433 p.
2098 1333 2282 1430 90.)‚

222 1443 812 1522 Moldenhauer
867 1444 1146 1539 (Beytr.
1196 1470 1270 1544 p.
1317 1447 1436 1519 84.
1484 1444 1703 1541 107.)
1748 1444 2021 1520 Kieser
2069 1446 2278 1543 (Ele-

226 1570 507 1634 mente
553 1584 625 1657 p.
674 1560 790 1632 47.
840 1559 954 1631 48.
1005 1558 1064 1653 §.
1118 1556 1351 1653 141).

432 1673 721 1747 Contra
794 1670 999 1745 hanc
1073 1670 1540 1746 sententiam
1602 1669 1777 1747 fuse
1850 1672 2283 1774 multisque

225 1785 428 1865 locis
512 1784 932 1885 disputavit
999 1783 1287 1860 Mirbel
1360 1784 1594 1883 (Hist.
1661 1784 1737 1862 d.
1800 1785 2035 1886 plant.
2105 1788 2168 1883 g.
2219 1791 2283 1861 1.

225 1929 296 2002 Ρ.
341 1906 499 1987 57.,
565 1898 910 1996 Physiol.
975 1913 1211 1996 veget.
1274 1892 1327 1974 '1
1402 1924 1480 1999 p.
1540 1901 1875 1974 80—83.
1938 1923 2286 1999 praeser-

225 2017 367 2090 tim
428 2014 777 2115 Exposit.
839 2039 914 2112 p.
975 2015 1091 2086 62.
1162 2015 1325 2089 157.
1376 2036 1592 2112 seqq.
1646 2015 1809 2087 162.
1862 2014 2093 2110 168.).
2190 2015 2285 2089 In

226 2129 658 2230 parietibus
711 2126 1172 2202 cellularum
1222 2151 1304 2201 se
1356 2124 1637 2200 vidisse
1700 2125 2092 2203 foramina
2155 2153 2287 2203 ro·-
2447 2135 2458 2146 ‘

226 2242 476 2319 tunda
540 2240 900 2338 margine
952 2239 1245 2315 elevato
1300 2239 1568 2315 cincta.
1667 2243 2048 2317 Errorem
2097 2240 2289 2316 inde

221 2372 501 2433 'ortum
565 2379 763 2442 esse,
834 2354 1064 2454 quod
1126 2353 1359 2451 amyli
1423 2354 1746 2451 granula
1794 2356 2285 2432 membranis

227 2469 733 2546 adhaerentia
789 2480 866 2543 et
911 2467 1298 2569 pellucida
1332 2494 1580 2570 poros
1617 2471 2054 2557 crediderit,
2093 2470 2290 2556 olim

218 2585 483 2662 docui
537 2582 1057 2679 (Grundlehr.
1105 2610 1181 2684 p.
1232 2585 1393 2681 12.)
1432 2599 1508 2659 et
1540 2609 1754 2661 nunc
1791 2599 2046 2661 certus
2085 2610 2288 2660 sum.

218 2696 625 2777 ‘Vesiquis
675 2697 865 2771 aeris
912 2701 1341 2774 Auctorem
1397 2696 1822 2800 deceptum
1875 2724 2040 2774 esse
2094 2699 2291 2773 olim

226 2824 620 2916 putarunt
668 2812 1043 2913 Sprengel
1094 2826 1171 2886 et
1215 2810 1630 2914 Rudolphi
1684 2815 1951 2910 (Anat.
2004 2839 2077 2913 p.
2103 2813 2289 2906 35..)

235 2943 323 3003 at.
384 2927 538 3001 hae
619 2923 924 3001 facilius
982 2926 1270 3001 ‘locum
1334 2941 1678 3013 mutant,
1731 2951 1916 3001 cum
1968 2925 2294 3022 granula

234 3042 470 3138 amyli
504 3040 1084 3143 parietibus‘sat
1131 3037 1363 3115 firme
1398 3039 1706 3138 saepius
1742 3038 2262 3112 adhaereant.-

428 3153 1107 3230 Moldenhauerus
1184 3176 1678 3256 quamquam
1746 3176 1833 3225 ea
1900 3149 2293 3226 foramina

222 3268 572 3344 ‘existere
618 3281 883 3366 neget,
937 3294 1138 3368 quae
1183 3267 1595 3345 Mirbelius
1641 3265 1930 3341 vidisse
1990 3264 2295 3354 adserit,

226 3399 503 3484 ,tamen
569 3383 654 3457 in
686 3381 1204 3483 quibusdam
1263 3382 1597 3484 parietes
1660 3381 2123 3457 cellularum
2149 3379 2294 3456 -fo-

233 3496 678 3572 raminibus
765 3511 1132 3597 pertusos
1216 3521 1300 3572 se
1374 3497 1836 3593 observasse
1902 3494 2162 3571 ,addit-
2223 3508 2300 3571 et

237 3610 570 3712 quidem
642 3610 729 3684 in
801 3612 1100 3711 petiolo
1156 3609 1515 3707 vCycadis
1589 3611 1988 3687 revolutae
2041 3601 2135 3684 ſset
2206 3609 2292 3682 in

235 3721 589 3800 medulla
654 3726 1029 3801 Sambuci
1079 3724 1363 3821 nigrae.
1459 3725 1698 3806 Illum
1745 3723 2171 3825 perquisivi
2224 3735 2301 3797 et

237 3833 400 3913 vidi
478 3840 825 3936 granula,
864 3865 1103 3941 ‘quae
1174 3839 1389 3914 mihi
1455 3838 1927 3924 videbantur
1967 3833 2296 3933 {majora

224 3945 739 4054 minoraque,
786 3954 918 4029 illa
970 3953 1327 4051 oblonga·
1363 3953 1558 4028 haec
1609 3951 2111 4049 subglo'bosa,
2145 3975 2293 4027 nec

232 4070 445 4165 nego
506 4066 640 4144 illa
707 4066 1312 4144 similitudinem
1360 4066 1852 4143 foraminum
1900 4064 2289 4153 habuisse,
