2843 4800
989 307 1566 452 FRUdTUs.
2154 378 2301 456 339

443 578 1053 679 Integumerttum
1125 575 1430 652 interius
1502 589 1619 651 est
1678 574 2144 653 membrana.
2187 591 2297 654 te-

248 692 469 780 nuis,
544 702 681 766 aut
751 688 1112 765 exteriori
1178 702 1313 764 aut
1377 688 1790 788 embryoni
1862 688 2297 769 adhaerens

248 820 386 883 aut
433 805 811 905 utrinque
861 800 1149 890 soluta,
1200 827 1514 904 semper
1564 803 1853 880 coloris
1903 805 2297 882 albescen-

243 923 363 997 tis.
478 919 805 997 Constat
866 938 911 990 e
991 913 1289 990 cellulis
1361 918 1900 1015 subglobosis,
1972 921 2296 997 materia

246 1057 623 1132 grumosa
686 1054 855 1106 non
896 1052 1100 1110 xraro
1166 1029 1491 1106 refertis.
1614 1033 1842 1108 Caret
1910 1030 2297 1109 fasciculis

250 1148 577 1246 lignosis
606 1145 669 1220 si
703 1145 1340 1240 integumentum
1374 1146 1707 1222 exterius
1729 1147 1826 1221 iis
1849 1146 2297 1248 praeditum

251 1277 399 1349 est,
475 1259 658 1335 alias
720 1282 908 1334 vero
976 1256 1190 1332 hisce
1254 1272 1369 1334 sat
1433 1261 1779 1361 copiosis
1833 1259 2294 1338 distinctum

244 1375 655 1476 reperitur,
706 1397 795 1447 ex
842 1394 1012 1446 uno
1067 1385 1200 1446 ant
1244 1372 1609 1473 pluribus
1657 1373 1896 1449 ramis
1948 1377 2292 1452 exeunti-

247 1490 422 1564 buS.
550 1490 748 1563 Vasa
821 1482 1129 1584 spiralia
1207 1509 1373 1562 esse
1443 1487 1527 1563 in
1606 1487 2006 1588 plerisque
2066 1512 2292 1588 aegre

252 1600 762 1701 conspicitur,
823 1619 990 1674 non
1053 1597 1333 1677 dubito
1392 1616 1693 1691 tamen,
1743 1625 1929 1677 cum
1977 1602 2063 1678 in
2113 1604 2292 1680 cha-

248 1714 414 1789 laza
482 1714 849 1798 ,distincte
926 1710 1280 1789 viderim.
1412 1720 1661 1817 Saepe
1737 1740 1915 1792 vasa
1995 1716 2291 1795 fibrosa

250 1826 589 1904 deficere
692 1827 1058 1903 videntur
1156 1828 1463 1928 spiralia
1549 1827 1734 1905 alias
1815 1832 2289 1909 comitantia,

249 1940 493 2038 Quod
558 1939 928 2038 facillime
990 1941 1472 2041 conspicitur
1517 1942 1602 2017 in
1651 1944 2115 2022 membrana
2164 1945 2288 2019 in-

243 2069 463 2133 terna
554 2056 1055 2144 Casuarinae,
1112 2055 1281 2131 ‘ubi
1371 2055 1659 2132 ductus
1733 2058 2053 2159 spirales
2120 2059 2289 2135 laxe

246 2169 648 2246 convoluti
702 2182 777 2243 et
822 2166 989 2243 fere
1037 2167 1389 2245 devoluti
1439 2183 1690 2247 totam
1738 2173 2287 2248 membranam

244 2283 545 2361 sistunt.
664 2284 869 2359 Rem
928 2279 1085 2379 jam
1136 2283 1538 2360 adnotavit
1581 2285 1871 2361 Mirbel
1919 2285 2059 2385 (N.
2107 2284 2291 2361 Bul-

244 2398 369 2474 let.
424 2397 498 2473 d.
547 2395 595 2471 l.
650 2397 822 2472 Soc.
871 2395 1201 2501 philom.
1255 2405 1344 2476 T.
1395 2399 1537 2497 3.).

449 2512 829 2596 Chalaza,
914 2535 1157 2610 quam
1215 2513 1520 2587 vocavit
1582 2516 2091 2601 GaertneruS,
2175 2527 2292 2589 est

242 2626 511 2727 portio
585 2623 1100 2722 integumenti
1184 2623 1578 2700 interioris
1611 2650 1908 2699 versus
1966 2625 2287 2702 umbili-

247 2763 435 2815 cum
485 2739 897 2813 incrassata
949 2751 1026 2811 et
1073 2735 1342 2812 colore
1392 2737 1870 2838 obscuriore.
1900 2737 2284 2835 insignita.

242 2856 447 2929 Vasa
534 2851 840 2929 ibidem
914 2865 1312 2947 aggregata
1388 2874 1555 2927 esse
1624 2852 1770 2927 rite
1842 2849 2289 2949 ,observavit

245 2967 737 3042 TreviranuS.
849 2964 1036 3040 Vidi
1097 2964 1181 3038 in
1250 2964 1577 3063 eleganti
1630 2963 1937 3040 chalaza
1985 2967 2285 3041 Auran-

241 3080 544 3153 tiorum
593 3104 770 3154 vasa
820 3077 1131 3178 spiralia
1183 3077 1424 3155 dense
1474 3090 1873 3176 aggregata
1918 3076 2287 3152 ductibus

245 3191 668 3293 spiralibus
722 3192 1099 3268 distinctis
1150 3194 1446 3294 absque
1493 3190 1691 3266 vasis
1724 3188 2057 3267 fibrosis.
2140 3192 2288 3268 Ce-·

243 3318 511 3380 terum
577 3303 872 3379 cellulis
937 3321 1098 3382 erat
1170 3307 1442 3408 stipata
1514 3304 1838 3381 materia
1908 3327 2284 3402 grumosa

248 3418 596 3494 colorata
663 3413 982 3491 refertis.
1097 3422 1419 3522 Optime
1482 3419 1634 3495 hac
1682 3418 1782 3494 de
1823 3431 2047 3520 parte
2094 3423 2285 3494 Tre-

245 3532 583 3607 viranus.

440 3644 1015 3721 Indumentum
1063 3644 1390 3722 interius
1439 3671 1606 3721 non
1653 3645 1924 3722 minus
1969 3644 2053 3718 in
2119 3666 2287 3741 ger-

246 3757 687 3834 minatione
740 3755 1099 3855 dejicitur
1146 3784 1232 3835 ac
1278 3761 1500 3863 perit.
2225 3788 2232 3795 ·

438 3872 900 3948 Membrana
1009 3872 1320 3962 extima,
1418 3873 1658 3950 veluti
1757 3885 2144 3947 crustacea
2243 3894 2288 3946 e

254 3998 624 4062 contextu
658 3986 1037 4063 celluloso
1088 3986 1260 4062 laxo
1312 4001 1753 4064 constructa
1786 3983 2286 4088 superaddita

255 4108 386 4169 est.
481 4102 576 4176 In
634 4098 1209 4199 Colocynthide
1259 4102 1522 4178 aliisve
1542 4099 1962 4290 ἕζιεείπιε
2005 4098 2293 4175 adhae-
