2843 4800
572 334 716 448 las
962 289 963 292 ‘
1090 413 1093 414 ἢ
1363 335 1807 462 muns.

592 515 598 521 ’
685 558 1012 650 prope
1051 535 1380 651 ipsum
1420 536 1765 654 posita.
1869 534 2254 624 Bamus
2298 563 2595 652 saepe

686 699 1025 761 ramos
1091 673 1450 762 emittit
1515 689 1612 764 et
1673 673 1845 764 sic'
1874 702 2211 792 porro,

760 925 1021 1003 Caulis
1100 929 1725 1031 simph'czssz’mus,
1813 927 1947 1030 qui
2030 915 2294 1005 nullos
2362 891 2595 1030 plane

561 1065 828 1115 ramos
876 1023 1193 1141 profert.
1290 1046 1465 1117 Huc
1513 1040 1782 1117 referri
1834 1058 2154 1141 possent
2193 1044 2592 1139 Cynomo-
2632 1091 2642 1101 ·

560 1155 792 1240 rium,
844 1154 1191 1254 aliaeque
1236 1156 1542 1255 plantae
1590 1155 2192 1256 balanophorae
2285 1157 2366 1233 C.
2413 1158 2592 1231 „si-m

551 1271 734 1370 pleat
792 1268 931 1369 qui
990 1293 1252 1343 ramos
1313 1293 1480 1343 non
1529 1267 1831 1369 profert
1880 1269 2327 1369 explicatos,
2377 1266 2592 1344 foliis

559 1382 980 1458 instructos
1032 1405 1090 1455 e.
1125 1404 1192 1479 g.
1270 1381 1881 1467 Mammillariae,
1916 1380 2340 1468 Melocacti,
2372 1381 2591 1481 plan-

561 1509 683 1570 tae
732 1495 841 1568 sic
893 1477 1139 1570 dictae
1190 1494 1491 1570 acaules
1542 1496 1646 1571 ob
1684 1483 1990 1569 caulem
2020 1493 2589 1571 brevissimum.

561 1609 645 1684 C.
706 1637 1096 1684 excurrens
1158 1606 1378 1706 cujus
1444 1623 1768 1706 truncus
1833 1606 1932 1682 ad
1983 1608 2284 1708 apicem
2331 1634 2589 1711 usque

489 1710 493 1714 ’
560 1697 1001 1797 extenditur
1065 1721 1431 1818 (Pinus),
1491 1723 2020 1826 deliquescens,
2099 1720 2238 1820 qui
2312 1722 2397 1796 in
2468 1750 2590 1800 ra·-

556 1860 739 1911 mos
770 1834 1227 1935 deliquescit
1259 1835 1719 1932 (Quercus);
1769 1835 2353 1922 multiramosus,
2379 1837 2587 1912 mu]-

557 1963 684 2024 tos
742 1973 1008 2024 ramos
1071 1945 1513 2049 proferenS,
1571 1949 2145 2047 pauciramosus
2208 1973 2262 2022 s,
2323 1949 2592 2035 subra-⁸
2633 2023 2650 2034 ,

556 2091 817 2140 mosas
864 2083 1195 2162 paucos:
1245 2064 1628 2147 ramosior,
1680 2062 2255 2147 ramoszlssz'mus,
2289 2063 2589 2141 multos

553 2200 820 2251 ramos
867 2172 1273 2275 proferens
1323 2199 1619 2275 eosque
1667 2173 1891 2249 valde
1939 2195 2316 2250 ramosos,

745 2305 973 2380 Rami
1072 2329 1161 2378 ex
1265 2304 1479 2405 apice
1582 2303 2130 2379 innovationes
2239 2308 2584 2384 termino

551 2419 880 2520 proprio
929 2432 1336 2505 vocantur,
1390 2433 1466 2493 et
1515 2418 1754 2493 caulis
1804 2417 2126 2519 simplex
2179 2435 2392 2509 esset,
2442 2424 2584 2525 qui

549 2547 859 2608 tantum
911 2556 1000 2607 ex
1051 2532 1264 2633 apice
1309 2557 1625 2606 ramum
1673 2530 2074 2633 proferret,
2112 2535 2310 2634 prol
2284 2535 2420 2635 fer
2451 2550 2591 2625 est,

553 2647 693 2747 qui
742 2646 1006 2746 plures
1057 2643 1295 2720 simul
1343 2645 1644 2746 profert
1692 2644 2041 2743 (Pinus).

745 2776 1126 2854 Cauliculi
1195 2774 1293 2851 ad
1351 2775 1586 2850 basin
1642 2775 1878 2850 caulis
1947 2801 1990 2850 e
2049 2798 2357 2873 gemma
2410 2779 2586 2855 abs-

550 2912 710 2992 que
756 2887 956 2965 folio
1007 2887 1377 2964 fulciente
1431 2890 1813 2965 oriuntur.

718 3019 1004 3096 .Caulis
1066 3020 1153 3094 in
1217 3021 1384 3096 basi
1450 3042 1676 3118 saepe
1744 3015 2132 3103 excrescit,
2196 3016 2587 3113 gemmas-

549 3159 708 3234 que
770 3131 1072 3234 profert
1133 3134 1427 3235 absque
1488 3130 1685 3206 folio
1748 3127 2118 3204 fulciente
2180 3129 2265 3204 in
2312 3139 2587 3209 ramos

547 3271 694 3321 nec
741 3247 824 3320 in
878 3245 1300 3345 cauliculos
1352 3240 1853 3343 explicandas.
1949 3241 2050 3317 Hi
2098 3244 2296 3319 rami
2357 3246 2589 3322 sobo-

545 3362 650 3434 les
712 3357 1103 3451 vocandi„
1154 3383 1336 3434 cum
1407 3354 1767 3439 indolem
1838 3355 2177 3432 habeant
2250 3359 2344 3432 ab
2411 3359 2581 3434 aliis

474 3491 477 3495 ’
542 3471 785 3545 ramis
852 3470 1283 3558 diversam,
1332 3469 1574 3547 flores
1634 3470 1883 3553 rarius
1949 3469 2292 3572 aliasque
2340 3473 2581 3552 sobo-

545 3583 658 3659 les
706 3582 1008 3657 facilius
1065 3582 1483 3683 proferant.
1594 3589 1779 3660 Pars
1846 3584 2119 3672 cauliS,
2188 3610 2389 3686 quae
2448 3611 2578 3662 so-

543 3697 814 3773 bolem
866 3697 1213 3773 emittere
1260 3712 1549 3800 potest,
1584 3701 1906 3793 ‘caudex
1947 3700 2421 3775 intermedius
2455 3699 2579 3774 di-

547 3826 794 3896 catur,
863 3824 994 3886 aut
1054 3816 1349 3890 caudex
1407 3815 1646 3889 stn‘cte
1717 3814 1826 3888 sic
1887 3813 2157 3896 dictus,
2237 3835 2424 3887 narn
2473 3811 2576 3886 ad

493 3975 497 3980 -
544 3940 904 4000 naturam
1000 3923 1280 4001 radicis
1390 3924 1728 4002 accedit.v
1846 3925 2284 4001 Arboribus
2388 3949 2575 4025 pro-

542 4038 760 4140 prius
813 4052 940 4113 est.
1050 4107 1058 4113 .
