2843 4800
384 442 389 447 ·
507 399 857 512 nebris
920 400 1474 503 involutae,
1547 401 1930 495 iterum
1978 403 2567 524 iterumque

509 554 934 644 operam
1041 523 1313 629 dedi,
1415 556 1912 673 magnam·
1988 530 2569 667 plantarum
2642 524 2645 527 “

508 649 913 768 copiam
968 646 1471 755 dissecavi
1545 668 1645 743 et
1710 653 2255 757 rariorum,
2322 683 2567 776 quas

510 772 874 863 obtulit
932 771 1306 865 Hortus
1373 775 1917 868 Botanicus
1989 778 2572 870 Berolinen-

376 917 387 957 »³
507 896 637 986 sis
729 895 1300 1005 ditissimuS‚
1402 901 1515 991 in
1613 903 2207 1022 opiniones
2233 917 2569 995 aucto·
2660 996 2667 1003 ,

505 1051 742 1109 rum
863 1024 1468 1140 praesertim
1589 1026 2172 1161 inquirens,
2308 1055 2566 1148 quae

505 1156 737 1263 post
784 1144 1124 1252 libros
1197 1168 1505 1267 supra
1585 1149 1944 1241 dictos
1985 1181 2042 1241 a
2111 1181 2280 1242 me
2372 1148 2568 1243 edi·
2661 1242 2666 1255 ,

502 1280 695 1369 tos,
755 1268 1450 1364 innotuerunt.
1571 1271 1855 1365 Hanc
1919 1274 2569 1365 Anatomiam

410 1492 413 1499 ,
506 1392 956 1483 sectione
1029 1394 1368 1498 tertia,
1466 1426 1772 1517 quam
1848 1400 2138 1518 potui
2197 1399 2567 1490 brevis

507 1517 800 1619 sime,
883 1521 1397 1637 proposui.
1542 1521 1699 1613 De
1770 1524 2227 1642 partibus
2276 1524 2566 1649 plan·

505 1653 843 1732 tarum
921 1672 1178 1763 quae
1265 1644 1719 1738 sectione
1800 1646 2210 1738 III--X.
2302 1644 2569 1740 dicta

507 1779 780 1881 sunt..-
824 1764 954 1856 ad
1012 1797 1336 1886 pauca
1396 1770 1903 1887 principia
1967 1769 2091 1859 de
2136 1797 2566 1882 gemma-

505 1918 741 1980 rum
822 1892 1516 2010 explicatione,
1587 1892 2277 2013 foliorumque
2340 1921 2568 1982 ana-

506 2014 1046 2135 morphosi
1161 2028 1262 2104 et
1370 2017 2185 2137 metamorphosi
2274 2013 2568 2106 redu-

511 2167 746 2229 cere
819 2139 1227 2257 tentavi,
1361 2138 1517 2231 De
1594 2141 2064 2260 qualitate
2135 2153 2235 2231 et
2293 2143 2570 2256 vege·
2627 2190 2630 2191 f

505 2264 888 2353 tatione
985 2277 1218 2353 sect.
1311 2262 1473 2355 XI.
1552 2278 1651 2354 et
1718 2264 1923 2355 XII.
2024 2264 2572 2386 disputanti

505 2384 1129 2507 hypotheses
1222 2419 1446 2479 non
1533 2418 1838 2480 raro
1867 2419 1980 2480 e1
1983 2403 2158 2481 ant
2234 2387 2571 2514 profe·

505 2511 912 2616 rendae,
973 2512 1152 2601 ubi
1222 2514 1909 2632 experimenta
1969 2528 2068 2603 et
2112 2507 2572 2605 observa-

510 2637 841 2728 tiones
950 2634 1581 2730 deficiebant.
1737 2637 2074 2729 Pauca
2173 2651 2640 2728 tantum*
2721 2681 2728 2696 =

510 2774 742 2851 sect.
806 2761 1057 2868 XIII.
1126 2761 1251 2852 de
1300 2762 1945 2883 Geographia
1993 2760 2618 2881 plantarum·
2701 2784 2715 2797 ·

507 2884 962 2976 indicare
1026 2888 1337 3005 potui,
1389 2885 2028 3006 lectoresque
2070 2893 2320 2975 non
2328 2908 2570 2974 raro

512 3005 642 3100 ad
732 3010 1112 3115 fontes,
1203 3011 1481 3102 unde
1557 3011 2102 3110 hauriant,
2202 3007 2572 3098 remisi.

513 3131 988 3226 Canones
1094 3167 1151 3226 a
1243 3135 1701 3226 Linnaeo
1798 3133 2378 3250 propositos
2461 3132 2570 3220 in

514 3258 1245 3349 detrimentum
1319 3258 1831 3347 scientiae
1879 3256 2181 3376 nimis
2272 3283 2572 3380 saepe

510 3382 1098 3497 neglectos,
1148 3383 1261 3472 in
1342 3382 1955 3472 memoriam
2049 3369 2576 3471 Botanico-
2647 3428 2651 3432 <

511 3535 748 3595 rum
875 3518 1108 3596 sect.
1232 3504 1487 3598 XIV.
1604 3515 2091 3597 revocare
2163 3500 2574 3592 studui.

508 3629 853 3721 Novae
903 3630 1378 3721 scientiae
1426 3659 1795 3748 paucas
1832 3642 2225 3719 tantum
2260 3626 2574 3714 lineas

502 3751 775 3848 sect.-
810 3754 1017 3845 XV.
1083 3752 1681 3845 rudimanu
1747 3752 2156 3845 exaravi.
2195 3831 2198 3834 ,
2236 3748 2575 3841 Ρεῑιι3ἰψΓ
2643 3795 2652 3804 .

509 3892 735 3971 tent
772 3880 1258 3972 Lectores
1311 3908 1479 3969 me
1522 3909 1741 3969 non
1800 3873 2574 3994 Philosophiam

377 4052 403 4084 ι
511 4002 1098 4096 botanicam
1161 4004 1509 4123 ipsam,
1572 4001 1752 4094 sed
1816 4001 2317 4148 elementa
2364 4010 2578 4088 tan-

513 4139 735 4221 tum
795 4128 1472 4250 proposuisse.
2093 4173 2098 4180 «
