2843 4800
1077 351 1482 433 RADIx:
2142 303 2283 442 ν115

425 550 549 625 In
574 546 840 624 radice
890 543 1154 625 adulta
1206 563 1282 625 et
1330 550 1702 628 crassiore
1753 552 2059 628 corticis
2092 569 2289 634 stra--

228 676 408 738 tum
462 662 845 738 extimum
892 663 1239 739 tenerius
1288 661 1438 750 fit,
1463 662 1786 770 fuscum
1837 679 1912 742 et
1957 666 2278 745 tandem

231 788 658 877 separatur.
752 779 1123 860 Ceterum
1194 757 1691 878 epidermis
1669 803 1753 854 m
1802 777 2062 856 radice
2113 806 2278 868 non

236 885 602 966 distincta
656 903 797 976 est,
850 914 996 965 nec
1048 889 1367 988 deglubi
1416 905 1747 992 potest.
1963 909 1970 918 ·

394 1006 719 1079 .Cortex
768 1016 902 1078 aut
951 1005 1283 1080 crassior
1330 1017 1445 1106 est
1491 1004 1742 1101 ligno,
1779 1022 1912 1083 aut
1944 1010 2277 1088 tenuior.

222 1116 517 1205 ,Variae
569 1128 684 1191 est
729 1116 1233 1203 substantiae,
1299 1130 1434 1191 aut
1495 1143 1868 1196 carnosus
1917 1147 2059 1196 seu
2097 1147 2280 1197 suc-

239 1231 620 1318 culentuS,
670 1243 804 1306 aut
850 1230 1100 1305 durus
1148 1244 1382 1331 atque
1429 1231 1802 1328 lignosus,
1854 1250 1987 1310 aut
2045 1237 2277 1312 su'b'e-

235 1368 503 1432 rosuS,
572 1358 708 1420 aut
766 1344 1025 1441 amylo
1079 1343 1320 1420 dense
1369 1346 1696 1468 stipatus
1749 1361 1826 1423 et
1872 1348 2078 1424 inde
2109 1348 2278 1426 sere

237 1459 681 1556 grumosuS.
1080 1489 1091 1522 t
1390 1516 1399 1526 .
2245 1519 2252 1526 .

425 1572 995 1650 Radicularum
1058 1588 1132 1650 et
1195 1573 1481 1651 radicis
1542 1576 1774 1677 plane
1836 1577 2112 1653 eadem
2163 1591 2278 1655 est

238 1700 641 1763 structura.
785 1692 988 1763 Sunt
1082 1688 1476 1764 radiculae
1573 1692 1859 1765 cortice
1944 1716 2274 1770 carnoso

241 1800 754 1887 crassissimo‚
805 1816 898 1878 ut
944 1803 1032 1876 in
1072 1803 1466 1879 Strelitzia
1514 1804 1878 1902 Reginae.

426 1916 769 2014 Lignum
828 1914 1119 1994 radicis
1182 1918 1671 1993 concentrice
1742 1918 2031 1994 crescit.
2125 1922 2277 1999 Ra-

242 2031 385 2107 dii.
431 2045 789 2107 constant
850 2054 892 2106 e
953 2031 1153 2106 vasis
1214 2028 1565 2118 fibrosiS,
1619 2046 1753 2105 aut
1799 2033 2277 2131 prosenchy·

236 2159 477 2232 mate,
529 2145 849 2247 quibus*
873 2145 1207 2219 immixti
1256 2159 1446 2221 sunt
1492 2143 1837 2221 fasciculi
1905 2138 2276 2223 vasorum

198 2259 662 2360 ‚spiralium
759 2259 1276 2359 Areasreplet
1305 2259 1897 2360 proseuchyma,
1948 2276 2083 2336 aut
2113 2286 2284 2338 sae-³

234 2374 418 2476 pius
465 2373 1007 2475 parenchyma.
1105 2377 1198 2450 In
1247 2371 1695 2471 junioribus
1739 2399 1959 2452 areae
1993 2400 2278 2478 parvae

235 2504 459 2574 sunt,
522 2489 606 2563 in
668 2486 954 2563 adultis
1016 2489 1361 2563 carnosis
1423 2511 1611 2564 vero
1651 2490 2059 2584 ’maximae
2109 2515 2284 2568 esse
2385 2526 2386 2529 ¹

235 2601 534 2687 solent,
595 2615 684 2674 ut
726 2600 1035 2698 lignum
1082 2599 1519 2677 medullam
1568 2604 2027 2692 mentiatur,
2095 2630 2158 2681 e.
2206 2628 2278 2702 g.

231 2717 331 2792 in
360 2712 638 2789 radice
686 2712 1182 2791 Cochleariae
1230 2715 1734 2793 Armoraciae
1783 2715 1948 2812 (cfr.
1999 2719 2276 2814 Voigts

112 2918 135 2933 ι
231 2826 547 2905 Handb.
615 2826 685 2902 d.
747 2833 1018 2906 Botan.
1082 2855 1156 2929 p.
1218 2829 1401 2923 25.).
1524 2831 1619 2905 In
1682 2818 2015 2926 lignosis
2077 2829 2278 2905 radii

238 2940 561 3017 densius
623 2943 859 3043 positi
922 2948 1124 3018 sunt.
1240 2946 1570 3041 Semper
1599 3002 1606 3009 .
1635 2966 1827 3017 vero
1861 2942 1985 3017 ..in
2009 3002 2016 3009 .
2039 2942 2272 3018 :adul-

233 3055 367 3130 tis
405 3054 621 3133 radii
676 3055 946 3159 plures
1020 3055 1449 3132 accedunt.
1547 3060 1795 3155 Saepe
1859 3050 2082 3133 radii
2138 3053 2282 3129 flee-

237 3170 463 3243 xuosi
521 3149 757 3258 fiunt,
844 3171 1066 3272 quod
1117 3170 1202 3245 in
1251 3167 1519 3244 radice
1575 3163 1814 3245 Arctii
1877 3165 2279 3309 Bardanae

236 3305 423 3357 non
454 3309 630 3359 raro
683 3308 1023 3361 cernere
1049 3260 1248 3361 licet.
1537 3312 1570 3357 ὁ
1809 3348 1812 3349 f
1857 3338 1862 3343 -
2011 3344 2018 3349 ,

424 3398 655 3475 Radii
742 3423 834 3474 ex
904 3398 1145 3497 ligno·
1196 3399 1284 3474 in
1362 3399 1739 3476 corticem
1811 3421 2043 3499 saepe
2107 3400 2282 3474 non

229 3512 645 3613 interrupti
713 3525 1136 3588 transeunt.
1246 3516 1340 3588 In
1402 3512 1769 3612 ligno-'et
1830 3511 1918 3587 in
1959 3513 2274 3605 'cortice

230 3625 429 3701 radii
481 3650 652 3701 non
700 3640 908 3702 recta
962 3625 1481 3713 descendunt,
1542 3626 1681 3703 sed
1731 3627 1817 3700 in
1865 3628 2286 3723 segmento·
2349 3624 2350 3627 ’

228 3737 790 3835 longitudinali
843 3764 1047 3839 opus
1094 3737 1598 3815 reticulatum
1649 3736 2021 3814 efficiunt.

307 3860 335 3915 ’-
420 3852 775 3929 Medulla
833 3879 1143 3955 semper
1205 3876 1247 3929 e
1297 3851 1898 3953 parenchym'ate
1945 3866 2278 3987 compo-

228 3967 368 4041 sita
448 3980 595 4043 est
713 3970 960 4044 Intrat
1026 3966 1377 4061 medulla
1451 3965 1835 4050 radicem,
1918 3964 2013 4036 si
2031 3964 2294 4041 caule

227 4094 462 4156 aucto
515 4081 771 4156 simul
809 4081 1249 4159 extenditur
1297 4057 1561 4170 radix.
1620 4176 1624 4181 .
1667 4122 1678 4135 κ

1568 4196 1620 4267 8
1650 4190 1683 4227 0
