2843 4800
605 309 710 383 576
1253 308 2024 399 STRUCTURA:

609 504 889 585 adesse
964 521 1289 587 ‘tantum
1350 509 1455 585 >in
1536 508 2154 610 parenchymate·
2238 508 2658 597 medullae.

597 645 758 809 ,geo
808 647 976 699 non
1022 625 1110 703 in
1158 622 1765 726 parenchymate
1812 624 2055 701 caulis
2081 624 2656 722 ·'Monocotyle-

596 806 603 811 ,
668 760 943 815 onum.
1044 814 1047 815 a

801 878 1106 977 Meatus
1175 876 1301 952 isti
1378 876 1781 952 cellulares
1851 874 2299 978 nu'mquam
2381 898 2658 952 occur-

603 1000 797 1062 runt
866 990 1010 1064 ubi
1086 991 1410 1067 cellulae
1486 992 1781 1093 absque
1856 989 2140 1066 ordine
2222 1003 2657 1091 congestae,

605 1125 755 1176 nec
816 1104 958 1179 ubi
1010 1102 1335 1181 cellulae
1385 1104 1759 1204 globosae
1808 1104 1893 1180 in
1944 1105 2179 1180 series
2231 1103 2658 1204 dispositae

601 1223 809 1292 sunt.
907 1210 1434 1296 Inveniuntur
1469 1220 1618 1296 ..ubi
1671 1219 1993 1294 cellulae
2045 1217 2450 1321 angulatae
2498 1216 2651 1291 sibi

592 1333 1088 1410 ⁴accumbunt
1161 1349 1237 1410 et
1305 1336 1699 1433 margines
1773 1333 2234 1409 cellularum
2306 1330 2657 1432 plerum-
2769 1336 2776 1347 '

605 1470 765 1546 que
817 1448 1201 1525 obscuros
1253 1451 1760 1527 constituunt.
1814 1454 1901 1525 T.
1955 1450 2018 1523 1.
2050 1444 2118 1531 ‚f.
2171 1450 2235 1520 1.
2288 1445 2381 1542 (e
2431 1443 2656 1538 caule

604 1559 978 1637 Orchidis
1027 1561 1466 1660 latifoliae).
1515 1662 1519 1667 ᾗ
1568 1565 1772 1640 Cave
1822 1562 1924 1638 ne
1970 1560 2364 1657 margines
2415 1559 2655 1669 cellu-

598 1673 861 1787 larum
910 1675 1324 1755 inferiores
1371 1676 1865 1780 perlucentes
1891 1688 2061 1778 ”pro
2112 1674 2406 1778 pariete
2438 1697 2656 1748 mea-

595 1801 729 1864 tus
777 1789 1083 1867 habeas

797 1928 1139 2005 Obscuri
1192 1918 1381 2007 sunt¹
1428 1956 1467 2005 a
1517 1926 1843 2004 materia
1895 1940 2204 2014 secreta,
2254 1950 2443 2002 nam
2474 1950 2652 2001 non

596 2067 779 2117 raro
854 2036 1297 2140 marginem
1371 2042 1831 2119 cellularum
1904 2041 2091 2119 hinc
2163 2056 2488 2118 tenuem
2572 2053 2657 2113 et

594 2155 890 2231 lineam
962 2171 1274 2232 tantum
1337 2158 1774 2244 sistentem,
1833 2156 2024 2233 inde
2082 2181 2270 2233 vero
2323 2151 2654 2231 crassio-

595 2294 769 2345 rem
838 2284 914 2346 et
973 2272 1407 2347 obscurum
1473 2271 1793 2346 videbis.

789 2396 975 2485 Non
1030 2400 1319 2486 desunt
1358 2410 1442 2486 in
1483 2409 1695 2486 libro
1748 2422 1882 2485 aut
1914 2408 2202 2492 cortice
2247 2405 2652 2496 interiore,

595 2522 737 2601 sed
790 2523 1068 2602 eadem
1118 2524 1517 2600 intervalla
1569 2524 1904 2601 obscura
1954 2525 2254 2613 sistunt,
2306 2549 2507 2626 quae
2556 2523 2652 2599 in

578 2625 1197 2738 *parenchymate
1263 2639 1876 2740 conspiciuntur.
1995 2636 2149 2715 Cfr.
2218 2644 2305 2715 T.
2357 2636 2523 2735 Les.
2571 2643 2650 2713 2.

595 2777 640 2827 e
699 2751 904 2827 libro
966 2752 1143 2850 Pyri
1207 2752 1412 2828 Mali.
1511 2757 1810 2830 Haecce
1857 2751 2255 2829 intervalla
2307 2754 2649 2829 obscura

591 2892 742 2968 pro
818 2864 1040 2941 fibris
1118 2865 1489 2944 habuisse
1575 2894 1750 2944 vasa
1835 2864 2460 2943 distendentibus
2549 2870 2648 2943 G.

589 2985 682 3059 R.
711 2981 1232 3057 Treviranum
1260 2982 1363 3080 (V
1368 2981 1783 3059 ermischte
1811 2976 2219 3056 Schriften.
2246 2983 2312 3053 1.
2336 3005 2412 3080 p.
2439 2981 2645 3079 146.)

593 3095 971 3198 equidem
1018 3110 1239 3196 puto.
1330 3197 1336 3206 .

783 3244 1105 3321 Maximi
1154 3254 1340 3323 sunt
1390 3255 1466 3316 et
1511 3237 1839 3341 proprio
1873 3240 2162 3318 colore
2210 3240 2499 3321 imbuti
2547 3242 2638 3319 in

572 3381 689 3433 -eo
740 3356 982 3442 libro,
1035 3355 1172 3455 qui
1222 3355 1587 3439 bracteas
1637 3354 2068 3456 strigasque
2114 3355 2451 3434 Filicum
2503 3382 2640 3434 oc-

590 3482 858 3570 cupat,
918 3482 1014 3543 ut
1068 3465 1294 3544 facile
1354 3491 1532 3542 vasa
1600 3491 1765 3543 esse
1816 3467 2104 3546 credas.
2201 3474 2322 3552 At,
2348 3472 2638 3574 saepis-

587 3585 789 3661 sime
835 3581 1159 3681 repetita
1202 3595 1289 3656 et
1337 3579 2250 3661 assidua-observatione
2277 3581 2446 3662 non
2479 3585 2633 3661 nisi

585 3710 894 3775 meatus
969 3719 1134 3770 esse
1199 3695 1805 3798 intercellulares
1866 3698 2048 3773 vidi.
2158 3702 2253 3776 In
2304 3699 2634 3799 quibus-

590 3812 777 3888 dam
855 3823 1260 3888 contextus
1328 3803 1780 3890 ‘cellulosus
1835 3813 1934 3888 *in
2004 3813 2217 3890 hisce
2294 3813 2633 3890 intersti-

568 3926 715 4001 »ztii's
764 3926 1032 4011 oritur,
1085 3924 1309 4026 quod
1356 3926 1442 4003 in
1493 3926 1848 4004 caulibus
1896 3926 2232 4004 Filicum
2266 3928 2631 4004 arborea-

558 4063 770 4126 ]rum
818 4038 1469 4118 luculenter.vidi
1521 4044 1610 4118 T.
1662 4046 1727 4117 1.
1775 4040 1996 4126 fifflz.
2041 4067 2103 4119 a.
