2843 4800
511 333 661 408 208
1324 337 1766 412 GEMMA.

708 537 1043 608 Gemma
1109 546 1224 607 est
1290 558 1378 608 ea
1443 560 1624 634 pars
1688 534 2048 636 plantae,'
2099 562 2302 638 quae
2352 539 2573 615 rudi-

458 661 877 722 ·mentum
938 645 1185 743 futuri
1263 648 1730 723 incrementi
1813 652 2164 726 continet
2252 656 2571 731 Wsslcle-

510 766 741 838 now's
835 763 1161 839 Grundr.
1260 765 1332 837 d.
1410 762 1990 843 Kn‘iuterlcunde
2061 768 2120 863 ἓ.
2198 772 2312 842 66.
2442 770 2570 845 Sic

507 873 677 950 fere
727 900 1006 950 omnes
1056 881 1456 964 Auctore5‚
1510 903 1694 952 cum
1746 894 2010 955 tamen
2065 906 2347 956 omnes
2407 882 2570 958 sor-

510 1014 682 1064 mas
715 989 876 1065 huc
910 992 1407 1091 pertinenteS,
1446 991 1542 1065 ad
1580 1008 1930 1089 gemmas
1966 1018 2134 1069 non
2172 993 2551 1072 reserant.-

704 1108 1087 1187 Gemmae
1123 1130 1262 1179 seu
1292 1094 1765 1202 embryones
1792 1108 1922 1183 fixi
1953 1111 2132 1207 (sec.
2163 1108 2567 1205 Thouars)

505 1233 692 1295 sunt
743 1244 1073 1320 corpora
1109 1218 1624 1320 productoria
1660 1246 1828 1296 non
1870 1220 2310 1309 fecundata,
2346 1224 2563 1300 nuda

508 1349 645 1411 aut
694 1359 1157 1436 squamosa,
1209 1332 1475 1408 nodos
1525 1335 1791 1410 vitales
1840 1362 1988 1437 pro
2052 1351 2561 1437 conceptacu-

503 1451 598 1525 lis
675 1449 1042 1524 habentia
1108 1449 1462 1549 squamis
1526 1444 1862 1537 munita,
1944 1475 2295 1552 quorum
2364 1461 2562 1526 'exte-

502 1563 752 1640 riores
804 1562 1372 1660 cotyledonum
1413 1588 1760 1639 munere
1807 1559 2271 1662 funguntur.
2363 1567 2561 1642 Tur-

496 1683 654 1784 pi.n
706 1681 880 1757 Ess.
934 1680 1337 1779 d'iconogr.
1383 1708 1457 1780 p.
1512 1682 1627 1753 60.

699 1797 1036 1869 Gemma
1117 1807 1230 1868 est
1296 1793 1849 1871 rudimentum
1923 1793 2317 1891 (Anlage)
2394 1818 2564 1871 non

503 1909 914 1993 evolutum
974 1907 1059 1980 in
1124 1905 1387 2006 planta
1457 1907 1789 1982 evoluta.
1890 1909 2077 1986 Nees
2127 1907 2225 1987 ab
2275 1907 2558 1985 ..Esenb

500 2021 812 2107 HamIb.
868 2023 940 2098 d.
986 2021 1170 2105 Bot.
1225 2025 1288 2094 1.
1333 2049 1407 2122 p.
1468 2024 1630 2109 461.

499 2274 761 2364 1-..26.
828 2273 1317 2362 Gemmae
1416 2274 1974 2362 z'ndionduum
2024 2281 2551 2373 contznuant,

629 2443 867 2503 cum
934 2413 1363 2502 semina
1382 2417 1759 2536 spectem
1793 2413 2336 2566 propagent
2445 2417 2450 2423 ’

650 2559 1158 2683 Insertione'
1190 2615 1553 2705 gemmae
1601 2609 1691 2683 in
1739 2608 1969 2684 aliam
2018 2585 2368 2709 plantam
2429 2622 2562 2682 aut

493 2723 731 2808 rami,
821 2723 907 2797 in
1000 2748 1164 2823 quo
1241 2745 1605 2820 gemmae
1688 2724 2191 2809 evolvuntur,
2274 2721 2559 2797 indivie·

498 2837 790 2925 duum,
858 2836 1145 2912 iisdem
1196 2836 1794 2926 variationibus,
1858 2836 2091 2921 vitiis,
2148 2834 2609 2932 perfectio-'

493 2950 767 3026 nibus
801 2951 1281 3040 continuari,
1349 2953 1731 3029 arborum
1810 2949 2046 3023 docet
2119 2944 2557 3024 fructifera-

491 3091 677 3142 rum
731 3065 1056 3140 cultura.
1378 3131 1421 3142 .,
1513 3131 1532 3140 .
1599 3129 1606 3136 .
1837 3123 1844 3129 .
1973 3121 2006 3128 ,.

654 3179 1011 3256 Semina
1085 3206 1300 3256 vero
1364 3176 1611 3252 varias
1689 3172 2030 3249 formas
2070 3124 2551 3301 producunt,

497 3317 700 3394 quae
766 3318 947 3368 raro
1024 3291 1329 3392 parenti
1403 3290 1508 3366 ita
1576 3288 1870 3363 similes
1930 3304 2148 3376 sunt,
2209 3303 2302 3364 ut
2352 3286 2549 3385 ejus-

494 3405 680 3481 dem
749 3407 1254 3492 variationeS,
1329 3403 1540 3491 vitia,
1595 3399 2300 3504 perfectionesque
2372 3401 2552 3477 red-

493 3518 700 3598 dant.
772 3520 1107 3625 Species
1121 3515 1463 3593 efficitur
1497 3514 1894 3618 ejusmodi
1939 3516 2386 3594 formarum
2423 3541 2548 3589 va-

487 3632 842 3710 riatione.
965 3630 1194 3709 Idem
1272 3633 1373 3709 de
1450 3630 1820 3734 qualitate
1895 3656 2223 3740 quoque
2287 3629 2549 3705 dicere

488 3748 685 3825 licet.

683 3860 1102 3944 Hortulani
1179 3886 1367 3936 cum
1440 3861 1791 3962 plantam
1867 3825 2239 3959 Singulari
2322 3857 2546 3933 floris

490 3975 952 4055 conditione
1002 3989 1138 4051 aut
1186 3975 1457 4051 colore
1504 3997 1937 4076 propagare
1990 3973 2330 4060 student,
2374 3996 2542 4048 non

491 4088 1136 4190 disseminatione
1197 4087 1289 4163 id
1345 4088 1718 4190 praestari
1783 4088 1989 4163 hene
2054 4086 2549 4175 sciunt,'sed

2373 4201 2542 4274 aliis

2310 4401 2358 4422 *X
