2843 4800
864 359 867 360 f
994 325 1592 405 ramerus·
1822 344 1832 361 ¹
2164 330 2315 438 aa
2437 313 2445 318 ·

442 526 749 604 Valvas·
785 523 1198 628 pericarpii
1260 543 1430 601 esse
1479 522 1677 605 folia
1731 549 1917 603 ¹non
2001 524 2313 608 dubito..

251 641 639 720 Videmus
700 635 1163 717 monstroso
1229 637 1578 719 adfectu-
1616 642 1909 718 mutari
1971 642 2057 720 in
2119 641 2312 722 solia
2373 629 2382 639 ⁸

251 757 503 857 (Petit
551 755 922 831 Thouars
969 757 1239 830 Iourn.
1291 754 1363 829 d.
1414 757 1643 854 Phys.
1712 762 1802 832 T.
1849 762 1967 833 89.
2017 785 2091 861 p.
2141 763 2319 835 3852.

248 871 694 949 Dutrochet
764 868 954 945 ibid.
1033 874 1124 944 T.
1183 871 1300 945 85.
1365 896 1440 971 p.
1491 873 1655 947 469.
1707 876 1796 949 Τ.
1844 875 1964 949 90.
2013 901 2089 977 p.
2140 879 2307 952 308.

251 985 631 1088 aliique),
697 997 775 1059 et
837 981 1348 1058 alternantem
1413 979 1676 1060 situm‘
1720 1009 1907 1061 cum
1957 989 2306 1063 stamini-

247 1102 435 1188 bm,
502 1099 642 1202 qui
704 1097 917 1173 foliis
981 1096 1355 1199 proprius
1421 1112 1539 1174 est
1587 1099 1819 1197 (812).
1918 1103 2310 1178 Excre'scit

248 1237 579 1316 quoque
624 1227 906 1310 ¹cortex
969 1212 1306 1287 exterior
1365 1212 1453 1288 in
1503 1210 1794 1292 folium
1843 1213 1928 1289 in
1979 1219 2302 1298 samaris

249 1334 683 1405 Gaertnero
769 1327 995 1402 dictis
1054 1324 1764 1432 2Fraxini‚·Ace1-is
1847 1344 1987 1432 etc.
2098 1333 2303 1409 Hinc

249 1442 564 1543 Turpin
615 1443 809 1538 (Ess.
861 1438 1093 1516 d'une
1142 1441 1754 1543 Iconographie)
1806 1468 2119 1547 semper
2181 1445 2302 1523 fo-

247 1556 349 1632 lia
434 1555 749 1630 ovarina
827 1550 1066 1629 v‘ocat
1134 1553 1492 1649 (feuilles
1559 1556 2094 1655 ovariennes).
2206 1564 2304 1638 At

243 1667 805 1773 pensitandum
857 1667 1025 1744 esse
1074 1666 1262 1746 folia
1311 1669 1690 1762 virtualia,
1737 1694 1886 1747 nec
1934 1672 2302 1760 actualia:

243 1784 536 1861 habere
615 1796 982 1857 naturam
1042 1783 1344 1871 nisum,
1406 1781 1665 1858 valvas
1734 1785 2147 1888 pericarpii
2212 1788 2300 1863 iu

241 1898 436 1975 folia
504 1894 973 1998 explicandi,
1038 1896 1179 1973 sed
1244 1919 1413 1973 non
1476 1920 1792 1998 semper
1848 1898 1952 1975 ad
1999 1915 2300 1979 tantam

241 2011 841 2116 explicationem
920 2013 1391 2113 pertingere.
1463 2049 1468 2052 ·
1514 2009 1645 2088 Et:
1696 2009 1888 2089 solia
1967 2014 2137 2117 ipsa
2203 2016 2298 2091 iu

241 2141 447 2204 statu
508 2123 976 2229 imperfecto
1040 2141 1119 2204 et
1172 2125 1447 2201 minus
1495 2125 1876 2226 explicato
1921 2127 2297 2230 pyxidem

241 2240 466 2342 quasi
516 2237 867 2315 formant
915 2241 1221 2317 caulem
1256 2241 1724 2339 cingentem,
1757 2243 1981 2342 quod
2029 2244 2114 2317 in
2151 2247 2298 2320 Ca-

238 2353 590 2443 suarim,
635 2354 1019 2456 Equiseto
1062 2368 1199 2431 ete.
1236 2353 1652 2431 observare
1686 2355 1885 2433 licet.
1983 2360 2299 2435 'lransit

236 2462 481 2569 igitur
527 2467 630 2545 ad
659 2467 1024 2563 indolem
1055 2467 1462 2546 foliorum
1491 2470 1915 2603 peridinm1
1964 2484 2047 2546 et
2088 2469 2296 2547 ultra

236 2584 493 2686 ipsam
572 2581 938 2686 procedit
1013 2582 1101 2657 in
1171 2581 1625 2714 ’lignositate
1707 2586 1959 2682 magis
2050 2600 2295 2662 aucta.

235 2699 627 2777 Videmus
676 2719 769 2773 ex
810 2695 1270 2798 pericarpio,
1322 2717 1568 2796 quam
1617 2696 1902 2771 similis
1945 2697 2047 2773 sit
2092 2711 2294 2773 stru-

238 2827 458 2891 ctura
523 2810 910 2888 foliorum
970 2823 1406 2886 structurae
1466 2805 1692 2905 ligni,
1745 2823 1826 2885 et
1872 2808 2297 2886 adfirmare

234 2929 474 3005 licere
524 2940 795 3001 contra
848 2924 1389 3000 Thouarsium
1439 2922 1710 3022 potius
1760 2920 1950 2999 folia
2002 2946 2294 3015 accres-

238 3064 419 3118 cere
476 3039 700 3117 cauli
785 3038 986 3115 dum
1058 3038 1563 3121 incrassatur,
1648 3059 1892 3136 quam
1971 3036 2292 3111 radices.

238 3159 459 3231 Tum
522 3176 850 3256 quoque
908 3152 1309 3240 videmuS,
1369 3148 1745 3227 facillime
1795 3147 2104 3225 caulem
2153 3152 2298 3225 se‘u

237 3266 410 3366 ejus
457 3279 714 3366 partes
760 3291 1079 3346 ramum
1130 3280 1207 3343 et
1252 3262 1860 3367 pedunculum
1837 3287 1923 3338 1n
1965 3279 2293 3361 germen

232 3375 589 3457 inferum
637 3382 962 3468 mutari,
1012 3405 1188 3460 nec
1210 3403 1421 3481 opus
1469 3401 1638 3457 esse
1685 3360 1944 3475 calyce
2005 3375 2295 3453 adhae-

234 3506 459 3570 rente
510 3492 733 3592 quasi
786 3494 1222 3572 auxiliante.
1481 3525 1485 3528 ⁴

430 3605 718 3684 Valvae
750 3629 935 3682 cum
936 3608 1183 3726 stylis
1225 3627 1455 3707 saepe
1488 3627 1661 3681 non
1708 3580 2108 3691 alternant,
2156 3602 2297 3679 sed

233 3721 427 3822 ipsis
477 3721 889 3824 oppositae
926 3734 1128 3809 sunt,
1173 3721 1277 3795 ita
1308 3734 1405 3794 ut
1434 3717 1678 3815 stylus
1709 3741 1943 3817 saepe
1972 3720 2075 3794 sit
2106 3741 2298 3846 apex

234 3835 499 3912 valvae
577 3835 1040 3939 productus.
1164 3834 1249 3912 Si
1322 3832 1567 3930 stylus
1636 3831 1840 3933 apici
1919 3828 2300 3929 germinis

232 3948 660 4035 immersus
709 3964 860 4039 est,
909 3965 1104 4026 tunc
1148 3946 1572 4025 fasciculus
1615 3945 1976 4043 lignosus
2032 3964 2080 4018 e
2145 3941 2301 4017 val·-

234 4086 379 4140 vae
426 4065 646 4166 apice
693 4066 779 4142 in
830 4066 1121 4166 stylum
1167 4063 1464 4142 transit.
1547 4057 2012 4136 fasciculus
2079 4055 2303 4134 hicce

1540 4177 1638 4253 21
1666 4180 1696 4231 -’
