2843 4800
496 316 665 397 108,
1151 315 1905 406 STRUC'rUR-A.
1971 353 1977 359 ·

497 520 830 592 Secutus
893 527 1009 590 est
1059 509 1564 615 Sprengelius
1616 510 1753 611 (V.
1799 517 1971 592 Bau
2016 541 2091 619 p.
2143 517 2307 593 423.
2372 516 2549 604 Anl,

488 629 634 712 Ed.
681 633 750 706 2.
798 656 873 729 Ρ.
920 628 1107 724 25..)

686 747 899 821 Cum
946 742 1401 840 longissima
1452 736 1608 818 sint
1652 743 1937 821 haecce
1969 770 2166 834 vasa,
2213 742 2546 821 celerius

487 859 573 935 in
631 858 821 958 ipsis
883 881 1163 933 succus
1227 854 1707 934 adscendere
1766 874 2044 960 potest.
2139 864 2546 960 Frequen-
2571 902 2600 928 x

485 974 785 1052 tissima
849 986 1036 1050 sunt
1091 972 1179 1046 in
1246 973 1537 1047 cortice
1597 974 1972 1050 interiore
2013 989 2100 1051 -et
2139 974 2363 1074 ligno
2416 999 2543 1050 ex·-

485 1089 797 1180 teriore‚
845 1086 987 1162 ubi
1036 1087 1376 1162 maxima
1428 1086 1653 1187 copia
1705 1088 1915 1163 succi
1949 1087 2329 1187 adsurgit3
2383 1075 2542 1163 d'isa

485 1204 952 1280 tribuuntur
1009 1225 1154 1304 per
1213 1198 1648 1276 fasciculos·
1691 1200 2044 1299 lignosos
2104 1204 2189 1278 in
2253 1227 2538 1284 omnes

483 1331 744 1420 partes
810 1339 1012 1417 quae
1074 1340 1311 1391 succo
1376 1314 1705 1391 nutritio
1757 1315 2132 1415 indigent.
2227 1318 2328 1392 Et
2372 1309 2536 1391 v'idi

483 1431 796 1530 lignum
857 1444 934 1506 et
991 1428 1431 1505 medullam
1482 1430 1663 1527 gelu
1713 1429 2136 1530 destructa,
2183 1428 2375 1505 folia
2422 1442 2537 1504 ta-

481 1571 676 1623 men
739 1544 1136 1645 explicata,
1201 1545 1388 1646 quia
1438 1558 1701 1620 cortex
1748 1546 2049 1641 integer
2093 1543 2534 1645 perstiterit,

481 1662 626 1737 ubi
686 1660 905 1735 nulla
969 1683 1146 1735 vasa
1211 1657 1540 1761 spiralia.
1654 1657 2193 1756 Parenchyma
2241 1658 2529 1735 vehere

485 1800 765 1853 succos
833 1772 1202 1849 nutritios
1262 1772 1387 1846 vix
1448 1772 1973 1865 credendum,
2036 1798 2225 1849 cum
2287 1774 2529 1849 nimis

362 1875 365 1878 ’
482 1891 719 1991 septis
757 1888 1211 1992 transversis
1249 1887 1784 1987 interruptum
1817 1887 1932 1962 sit.
1986 1886 2531 1964 Transsudant

481 2004 815 2106 quidem
879 2002 1089 2078 succi
1156 2013 1232 2082 et
1290 2001 1376 2074 in
1438 2001 1638 2076 vasis
1698 1999 2016 2077 fibrosis
2077 2001 2222 2083 ubi
2285 2016 2530 2079 extre-

476 2118 884 2194 mitatibus
955 2115 1107 2191 sibi
1189 2116 1702 2204 accumbunt,
1793 2129 1870 2191 at
1938 2115 2199 2192 multo
2273 2117 2527 2194 rarius

474 2231 563 2308 id
615 2229 911 2308 accidit.
1006 2231 1102 2306 In
1150 2230 1544 2307 meatibus
1594 2228 2093 2308 cellularibus
2142 2231 2298 2308 labi
2349 2258 2525 2308 suc-

478 2370 666 2422 cum
740 2368 910 2421 non
984 2343 1491 2434 crediderim,
1566 2370 1754 2449 cum
1832 2345 1919 2421 in
1990 2346 2263 2424 multis
2326 2346 2521 2424 locis

476 2474 647 2536 non
681 2458 1052 2536 existant.
1161 2463 1263 2536 Et
1324 2458 1697 2536 refellunt
1759 2462 2081 2538 arbores
2097 2522 2115 2551 ‚
2180 2487 2521 2566 quarum

471 2572 677 2651 rami
742 2597 837 2648 eo
903 2573 1414 2676 potissimum
1477 2574 1717 2652 latere
1792 2575 2276 2668 increscunt,
2351 2603 2516 2681 quo

470 2687 692 2765 radix
743 2688 1044 2791 optime
1091 2689 1313 2786 viget.
1408 2732 1415 2735 κ

666 2806 867 2879 Vasa
921 2801 1229 2904 spiralia
1270 2802 1622 2880 tracheas
1660 2804 1965 2882 vocavit
2001 2806 2379 2909 Malpighi
2442 2822 2521 2883 et

471 2920 739 2994 aerem
801 2916 1058 2993 inesse
1121 2914 1313 2992 dixit
1374 2919 1575 3020 (Op.
1642 2944 1857 2996 omn.
1915 2924 1995 2995 L.
2048 2923 2161 2994 13.
2224 2945 2300 3019 Ρ.
2350 2920 2517 3018 l'.5)

467 3036 677 3109 Vere
723 3030 1017 3132 repleta
1069 3055 1253 3121 esse,
1305 3045 1589 3108 aestate
1636 3057 1876 3108 vacua
1918 3030 2218 3131 putavit
2279 3036 2518 3110 Grew

471 3147 737 3245 (Anat.
790 3143 888 3222 of
922 3143 1151 3221 fruits
1197 3174 1272 3248 p.
1322 3145 1553 3242 124).
1654 3145 1812 3240 Qui
1873 3144 2322 3245 liquoribus
2380 3173 2513 3225 co-
2539 3186 2576 3213 a

466 3260 737 3341 loratis
799 3259 1358 3360 impleverunt,
1415 3281 1597 3333 vasa
1659 3271 2038 3366 putarunt
2098 3263 2511 3360 succigera.

471 3374 784 3468 Quibus
860 3372 1066 3461 inter
1143 3372 1617 3448 recentiores
1700 3371 2150 3451 adsentiunt
2224 3376 2510 3453 Mirbel

468 3489 689 3588 (Exp.
721 3513 796 3586 Ρ.
827 3485 1000 3581 85),
1032 3484 1613 3562 Moldenhauer
1645 3487 1926 3587 (Beytr.
1960 3516 2034 3591 p.
2061 3493 2226 3568 317.
2260 3491 2508 3592 seqq.)

467 3600 608 3703 qui
700 3599 1051 3675 tracheas
1143 3601 1633 3695 insectorum
1728 3603 2165 3680 simillimas
2245 3608 2506 3681 aerem

464 3738 637 3791 non
699 3713 1011 3791 trahere
1075 3730 1349 3793 contra
1398 3713 1694 3795 'omnes
1765 3717 2307 3795 observatores
2372 3716 2511 3794 ad-

466 3828 733 3905 sumat
780 3826 1002 3926 (ibid.
1050 3858 1123 3933 p.
1172 3830 1405 3929 304),
1455 3856 1602 3908 nec
1634 3856 1802 3909 non
1841 3832 2160 3909 Schultz
2194 3832 2320 3929 (D.
2352 3836 2506 3909 Na-

463 3957 598 4019 tur
661 3940 735 4017 d.
797 3941 1114 4021 Pssanze
1176 3951 1241 4024 1.
1302 3974 1376 4049 Ρ.
1440 3947 1671 4044 483).
1767 3947 2015 4045 Magis
2064 3950 2329 4024 aerem
2377 3971 2506 4022 ve-

464 4057 653 4145 here
700 4058 1134 4148 Bernhardi
1171 4060 1379 4152 ,dixit
1426 4055 1652 4160 (Ueb.
1698 4058 2217 4162 Pflanzengef.
2264 4084 2350 4161 p.
2387 4062 2502 4137 44.
