2843 4800
499 367 596 441 40
1268 365 1764 441 PLANTA.

498 563 835 666 piendos
884 564 1132 661 magis
1180 578 1536 666 pronum
1582 557 1862 649 reddit,
1914 573 1991 637 et
2040 567 2327 639 est'aut
2359 587 2550 639 con-

501 679 840 776 genitUS,
891 692 1026 754 aut
1075 678 1519 780 acquisitus,
1615 677 1761 753 Hic
1813 681 1943 764 est,
1980 701 2225 776 quem
2257 676 2549 754 Medici

501 817 815 868 causam
895 793 1163 867 mo'rbi
1244 803 1637 867 remotam
1713 802 1848 866 aut
1877 808 1886 823 '
1916 795 2551 889 proegumenam

497 920 813 992 vocant3
866 906 1097 982 aliam
1145 930 1333 983 vero
1371 929 1722 992 causam,
1779 904 2355 981 occasionalem
2406 929 2554 982 seu

497 1020 1214 1122 procatharctic'am.
1286 1076 1291 1081 -
1701 1080 1702 1091 ,

530 1144 537 1147 ’
666 1134 1210 1234 operationes
1273 1132 1359 1208 in
1437 1154 1772 1233 corpore
1848 1133 2570 1233 praeternaturales]

501 1248 787 1326 alienas
850 1246 1311 1348 producunt
1375 1247 1847 1322 secretiones
1900 1261 1994 1322 et
2061 1248 2550 1323 assimilatio-

498 1387 657 1438 nes.
775 1362 902 1437 Sic
965 1361 1222 1448 color,
1290 1360 1532 1448 odor,
1599 1385 1837 1460 sapor
1900 1361 1985 1436 in
2033 1361 2318 1463 plantis
2368 1388 2551 1439 mu-

495 1489 793 1587 tantur,
841 1489 1098 1577 partes
1150 1474 1517 1557 duriores
1569 1471 1805 1563 fiunt,
1853 1476 2317 1563 tenerioreS‚
2380 1501 2548 1552 ver-

495 1584 731 1668 rucae
798 1589 1168 1667 oriuntur
1231 1604 1308 1665 et
1367 1577 1513 1663 alia
1577 1588 1932 1675 similia
1957 1602 2160 1688 quae
2210 1589 2309 1665 ad
2362 1590 2550 1667 effe-

497 1692 668 1780 ctus
730 1702 1241 1781 functionum
1288 1703 2075 1803 praeternaturalium
2135 1705 2548 1803 pertinent.

424 1846 427 1853 “
492 1816 912 1916 Ejusmodi
979 1801 1486 1896 alienationes
1549 1816 1957 1893 interdum
2007 1841 2193 1908 cum
2241 1818 2548 1896 morbis

497 1930 962 2031 conjunctae
1013 1945 1215 2020 sunt,
1269 1956 1331 2010 e.
1384 1953 1453 2027 g.
1506 1933 1840 2008 excretio
1878 1929 2087 2007 succi
2123 1932 2548 2032 gummosi,

490 2045 903 2141 interdum
976 2069 1165 2120 vero
1224 2045 1607 2133 .minime,
1685 2069 1747 2121 e.
1814 2069 1880 2144 g.
1941 2043 2132 2123 folia
2189 2046 2550 2145 ,margine

495 2160 679 2235 albo
752 2159 1143 2260 flavoque.
1254 2160 1396 2235 'Sic
1468 2160 1551 2234 in
1622 2159 2091 2237 animalibus
2152 2161 2351 2236 cutis
2413 2159 2547 2236 de-

493 2272 928 2350 formitates
979 2272 1245 2348 morbi
1297 2288 1484 2349 sunt
1530 2298 1678 2350 nec
1727 2299 1848 2350 ne.

686 2391 926 2466 Actus
966 2388 1522 2489 propagatorii
1595 2389 2015 2491 praecipue
2079 2370 2546 2465 variationes

496 2497 872 2581 efficiunt.
991 2504 1242 2579 Causa
1307 2503 1597 2579 harum
1661 2504 2187 2580 variationum
2251 2518 2387 2580 aut
2459 2504 2546 2578 in

492 2620 668 2719 ipso
721 2617 1257 2716 generationis
1292 2632 1711 2694 momento
1762 2617 2018 2719 posita
2070 2629 2213 2706 est,
2278 2632 2413 2693 aut
2459 2617 2546 2692 in

493 2733 620 2820 iis,
689 2755 895 2834 quae*
943 2745 1118 2806 ante
1166 2726 1368 2818 illud
1419 2731 1818 2819 accidunt,
1883 2745 2048 2821 aut,
2115 2745 2549 2835 quaepost

492 2844 714 2940 illud,
841 2844 923 2920 Si
996 2846 1318 2922 variatio
1399 2844 1795 2945 ejusmodi
1839 2899 1843 2904 -
1880 2861 2023 2934 est,
2096 2860 2190 2920 ut
2254 2853 2546 2945 corpus

495 2974 631 3052 aut
694 2958 861 3058 ejus
906 2983 1118 3063 parS,
1187 2985 1468 3061 scopo,
1521 2962 1648 3037 cui
1700 2959 1883 3036 alias
1935 2958 2312 3032 destinata
2364 2972 2545 3046 erat,

493 3088 667 3175 apta
717 3099 886 3150 non
939 3074 1065 3161 sit,
1117 3079 1753 3152 monstrositatem
1800 3095 2197 3146 vocamus.
2300 3072 2382 3147 Si
2415 3096 2545 3163 va·-

491 3189 720 3264 riatio
775 3204 1037 3264 exorta
1068 3213 1216 3296 per
1245 3189 1513 3289 plures
1550 3184 2092 3285 generationes
2133 3198 2546 3286 permanet

453 3316 570 3379 ¹et
643 3301 967 3379 difficile
1043 3302 1143 3375 ad
1229 3315 1512 3401 typum
1598 3298 2039 3386 reducitur,
2126 3301 2544 3382 barzbtatem

444 3415 680 3496 ,inde
734 3416 922 3493 oriri
977 3412 1334 3489 dicimus,
1444 3412 1790 3489 Variatio
1853 3413 1938 3487 in
1988 3413 2323 3490 morbos
2374 3437 2543 3488 non

487 3533 797 3618 transit,
873 3527 1024 3602 nisi
1098 3528 1337 3628 partis
1402 3524 1725 3601 affectae
1789 3526 2093 3604 functio
2146 3527 2358 3602 >*vitae
2408 3521 2544 3602 ne-

488 3644 813 3723 cessaria
875 3640 1157 3722 fuerit.-
1243 3641 1793 3718 Monstrositas
1854 3641 1980 3715 in
2000 3643 2221 3744 parte
2279 3641 2542 3715 mino-

418 3819 419 3822 ,
484 3759 592 3834 ris
665 3756 1055 3846 momenti
1135 3754 1236 3830 ad
1311 3755 1551 3830 vitam
1624 3757 1949 3832 varietas
2024 3753 2195 3830 fieri
2262 3765 2542 3857 potest

484 3869 1015 3949 Alienationes
1066 3868 1472 3946 interdum
1523 3884 1878 3948 monstra
1930 3882 2314 3948 vocantur
2362 3894 2424 4004 e.
2471 3894 2539 3969 g.

470 3984 722 4060 :flores
774 3984 1008 4086 pleni.
