2843 4800
555 313 702 388 300
766 365 811 392 -,
1399 310 1727 387 FLOS.

557 509 901 608 lignosis
962 530 1412 584 connexum
1488 511 1634 597 est,
1717 520 1796 585 et
1856 506 2235 606 stigmatis
2298 532 2611 584 nomen

556 624 855 701 merito
897 623 1136 698 habet
1184 622 1628 721 stylostegii.

753 735 1185 814 Glandulas
1279 761 1446 811 esse
1539 735 2106 812 antherarum
2103 773 2104 776 ¹
2151 733 2611 811 rudimenta

555 865 725 928 non
775 851 1080 938 dubim,
1126 849 1389 925 forma
1418 850 1820 928 simillima
1854 875 2290 952 persuasus.
2392 850 2610 924 Con-
2743 875 2746 878 ·

554 965 775 1042 cedo»
817 966 1157 1041 bursam·
1201 963 1733 1066 polliniferam
1810 966 1907 1041 ab
1951 966 2112 1040 1ιὶ5
2161 975 2611 1065 separatam

530 1081 755 1167 esse,
782 1078 1213 1155 “ant-heram
1261 1078 1511 1154 serius
1560 1076 1923 1166 formari,
1975 1079 2317 1180 stipitem
2366 1077 2608 1151 inter-

555 1194 921 1270 medium
994 1217 1045 1268 e*
1110 1191 1436 1284 duobus
1504 1215 1678 1267 esse
1737 1192 2133 1268 coalitum.
2241 1193 2344 1268 At
2388 1188 2609 1264 vide-

552 1331 773 1383 mus‘-
807 1307 1362 1405 embryonem.
1408 1305 1562 1406 qui
1623 1305 1809 1381 alias
1872 1306 1994 1380 in.
2028 1305 2436 1381 albumine
2482 1326 2605 1379 re-

554 1421 957 1498 conditus.
1003 1434 1146 1509 est,
1218 1421 1309 1495 in
1382 1420 1900 1495 Graminibus
1947 1417 2161 1517 -juxta
2225 1419 2606 1520 positum,

553 1536 920 1612 videmus
978 1536 1063 1610 in
1127 1539 1367 1632 Pago·
1406 1533 1607 1609 dum
1653 1521 1923 1631 junior
1971 1532 2342 1633 est„juxta
2386 1532 2603 1633 posi·

553 1666 750 1738 tum,
786 1650 971 1727 dein
1003 1649 1206 1726 intra
1240 1649 1616 1725 albumen
1661 1660 2087 1748 receptum.
2183 1648 2603 1724 Brownius

554 1766 760 1866 ipse:
795 1765 1101 1865 primus
1175 1766 1498 1840 seminar
1547 1761 1746 1838 vidit
1823 1776 2095 1863 aperto
2161 1762 2600 1863 pericarpio

554 1895 923 1982 pronata,
1030 1880 1138 1954 ita
1247 1881 1401 1955 ut
1437 1875 1660 1978 quod
1757 1876 2306 1973 integumento
2404 1888 2607 1954 esset

552 1995 1053 2081 destinatum,
1108 1993 1631 2091 integumenti
1688 1990 2189 2067 functionem
2245 2014 2415 2067 non
2463 1990 2603 2066 ha-

551 2109 750 2184 beat.
1156 2139 1161 2143 ·

720 2219 1157 2298 Mirbelius
1228 2165 1637 2317 glandulas
1707 2173 2133 2297 retinacula
2199 2234 2428 2296 vocat
2470 2218 2597 2295 ob

553 2332 1244 2436 comparationem
1283 2357 1469 2409 cum
1516 2333 1962 2412 retinaculis
1997 2333 2596 2423 Orchidearum,

552 2473 699 2524 nec
745 2447 987 2522 male.
1070 2452 1171 2524 At
1216 2447 1477 2543 forma
1526 2450 1767 2524 nimis
1818 2449 2223 2550 discrepat.

550 2604 557 2619 .
642 2616 647 2621 -
744 2561 1199 2651 Pollinaria,
1265 2579 1471 2663 quae
1529 2565 1834 2652 vocavi,
1900 2565 1985 2638 in
2050 2564 2267 2640 hisce
2314 2563 2595 2665 plantis

552 2702 598 2753 e
650 2689 1017 2753 contextu
1067 2677 1445 2753 celluloso
1499 2678 1936 2778 composita
1967 2692 2188 2766 sunt,
2237 2703 2381 2754 seu
2428 2701 2595 2775 gra·

549 2792 765 2867 nulis
793 2791 1113 2892 pollinis
1162 2805 1280 2866 sat
1308 2790 1773 2891 conspicuis.
1887 2791 2267 2870 Colorem
2300 2791 2595 2868 flavum

548 2905 846 2982 hahent
938 2904 1057 2979 uti
1153 2905 1412 2981 solent
1495 2905 1817 3006 pollinis
1906 2904 2248 3002 granula.
2393 2906 2608 2982 Hinc,

548 3018 1022 3122 papillarum
1045 3018 1889 3121 instar-prominentiae
1922 3020 2540 3121 conspiciuntur.

741 3136 836 3208 In
901 3134 1168 3209 Zamia
1216 3133 1790 3233 simplicissima
1842 3133 2348 3211 antherarum
2389 3148 2594 3210 ,stru-

550 3260 771 3321 ctura
820 3261 977 3321 est.
1104 3249 1487 3323 Constant
1561 3270 1649 3320 ex
1711 3268 1884 3321 uno
1946 3260 2258 3325 tantum
2320 3246 2588 3324 loculo

548 3358 1231 3456 longitudinaliter
1304 3357 1786 3446 dehiscente,
1860 3384 1964 3437 ne
2027 3361 2354 3438 locellos
2420 3360 2591 3462 qui-

518 3469 740 3546 ‘dem
793 3472 1270 3548 admittente.
1366 3477 1462 3549 In
1512 3498 1887 3579 squamae
1932 3475 2263 3575 peltatae
2310 3474 2589 3576 pagina

544 3585 931 3662 *inferiore
996 3586 1372 3684 gregatim
1440 3600 1575 3664 aut
1634 3587 1980 3664 seriatim
2039 3588 2339 3689 positae
2389 3602 2590 3675 sunt,

546 3715 641 3777 ut
685 3700 773 3774 in
825 3698 1217 3777 Coniferis
1268 3700 1769 3800 quibusdam,
1817 3701 2294 3795 indurantur
2329 3718 2424 3783 ,et
2452 3702 2592 3779 diu

544 3814 991 3917 persistunt.
1101 3813 1379 3893 Pollen
1446 3814 2010 3912 conglobatum
2085 3840 2256 3892 non
2325 3817 2591 3892 minus

542 3929 919 4028 persistit,
973 3942 1337 4009 constans
1376 3953 1434 4005 e
1481 3922 1827 4027 granulis
1877 3929 2273 4028 oblongiS‚
2336 3930 2591 4006 omni·
2681 4027 2687 4035 η

548 4041 737 4128 bus,
803 4056 1194 4142 quantum
1252 4042 1448 4130 vidi,
1508 4042 1708 4118 rima
1740 4040 2362 4121 dehiscentibus.
2461 4042 2590 4120 Vi·
