2843 4800
439 356 601 428 ιεσι
1227 305 1683 431 mous.
1783 469 1786 470 f

449 559 620 646 102
667 573 747 645 ἀ.
889 551 1274 648 Caulis
1315 567 1416 644 et
1486 551 2012 642 ramorum
2097 588 2511 643 (mamor-

559 700 870 816 phasis
933 704 1445 785 monstrosa
1509 706 1660 784 est
1710 690 2115 812 parli'tzo,
2151 667 2526 816 fasc-za

571 843 738 942 tto,
781 836 1347 955 polycladla„
1380 840 1840 926 exostosz'S.
1901 921 1910 930 ,

587 1005 913 1082 Caulis
1014 990 1596 1104 ramorumque
1679 971 2132 1080 ιῐιοηειῑοεει
2204 1004 2514 1104 partitio

455 1143 545 1194 ea
608 1133 753 1207 est,
832 1141 1037 1219 quae
1112 1117 1409 1215 absque
1469 1113 1671 1193 folio
1736 1111 2124 1192 fulciente·
2167 1116 2276 1204 fit,
2327 1141 2513 1190 nam

461 1257 665 1333 quae
716 1233 943 1333 copia
990 1247 1410 1306 ramorum
1459 1229 1659 1306 folio
1707 1227 2104 1306 fultorum
2138 1229 2515 1330 produci-

456 1361 620 1433 tur,
689 1358 805 1421 est
864 1339 1174 1421 luxuria
1235 1343 1526 1445 potius,
1633 1341 2117 1441 Huiusmodi
2181 1358 2297 1421 est
2321 1370 2522 1445 par-

456 1461 633 1537 titio
711 1459 954 1536 eaulis
1029 1457 1403 1558 Tulipae‚
1496 1481 1702 1559 quae
1771 1456 1839 1532 si
1928 1453 2021 1532 fit
2092 1459 2241 1533 sub
2314 1458 2520 1536 folio

461 1574 775 1650 caulino
842 1597 1124 1676 parvo,
1198 1586 1539 1674 uterque
1605 1570 1997 1670 ejusmodi
2048 1571 2340 1648 folium
2387 1595 2523 1670 ge-

461 1701 635 1775 stat,
666 1688 751 1763 >si
801 1686 895 1762 fit
942 1709 1175 1787 supra
1226 1685 1558 1774 folium,
1602 1700 1950 1789 uterque·
1991 1685 2240 1761 hocce
2289 1701 2530 1762 caret·

355 1862 359 1867 .
466 1791 613 1877 Sic3
656 1802 925 1904 plures
988 1798 1755 1898 Monocotyledones
1820 1814 1897 1875 et
1940 1800 2158 1900 ipsae
2203 1798 2526 1875 Palmae-

467 1917 688 1993 caule
753 1916 1126 2017 bipartito
1195 1927 1627 1989 occurrunt
1691 1910 1897 2012 (Csr.
1963 1916 2053 1988 G.
2100 1916 2224 1987 Fr.
2271 1916 2521 2010 Jziger,

462 2031 727 2107 Ueber
761 2029 890 2116 die
913 2025 1537 2124 Missbildungen
1573 2025 1716 2101 der
1742 2025 2185 2103 Gewiichse.
2240 2030 2516 2125 stuttg.

468 2146 677 2230 1814.
725 2170 800 2243 p.
848 2143 987 2239 9.).
1086 2145 1179 2215 In
1228 2140 1948 2237 Dicotyledonibus
1995 2140 2251 2215 rarius
2298 2166 2520 2242 repe-

465 2257 800 2343 riuntur,
838 2268 1271 2330 occurrunt
1300 2268 1567 2329 tamen
1602 2254 1685 2328 in
1718 2254 2196 2352 Plantaginis
2230 2279 2487 2357 scapo.

496 2403 503 2409 ·
585 2385 617 2418 ·'
662 2368 926 2448 Caulis
975 2370 1366 2472 fasctbtus
1442 2382 1558 2444 est
1630 2367 1872 2445 caulis
1950 2368 2269 2470 partitio
2351 2395 2521 2447 non

467 2484 844 2561 absoluta.
970 2483 1253 2559 Caules
1328 2484 1597 2584 plures
1672 2483 1876 2559 enati
1940 2483 2229 2561 cortice
2290 2508 2521 2583 gene-

456 2597 609 2672 rali
646 2594 1078 2695 ¹conjuncti
1155 2611 1359 2672 suut.
1480 2597 1737 2684 Folia,
1813 2619 2205 2695 gemmae,
2278 2600 2523 2676 flores

468 2711 707 2787 simul
761 2712 1029 2810 augeri
1076 2711 1356 2787 solent.
1454 2710 1890 2800 Interdum,
1942 2712 2080 2789 sed
2114 2738 2282 2787 uon
2316 2738 2523 2788 sem-

467 2826 611 2926 pe'r
685 2822 925 2923 e'aulis
1000 2823 1365 2900 fasciatus
1440 2825 1762 2904 brevior
1828 2840 1974 2911 εει,
2038 2851 2280 2927 quam
2333 2827 2522 2931 alias

469 2958 636 3013 esse
698 2938 913 3015 solet.
998 2943 1119 3014 ‘In
1188 2939 1672 3040 quibusdam
1722 2939 2003 3042 plantis
2051 2938 2523 3041 frequenpis-

468 3051 665 3127 sima
741 3066 858 3128 εει
932 3052 1313 3141 fasciatio,
1389 3078 1453 3129 e.
1517 3076 1583 3149 g.
1649 3054 1734 3128 in
1802 3050 2123 3150 -Celosia
2197 3051 2525 3152 cristata,

466 3165 801 3267 Daphne
853 3167 1108 3243 odora
1158 3170 1438 3267 (seiger
1484 3165 1531 3238 l.
1584 3188 1644 3238 c.
1693 3192 1768 3265 p.
1820 3164 2003 3260 12).

659 3268 1124 3381 Polycl'adm
1186 3293 1302 3355 est
1369 3277 1616 3353 nimia
1680 3302 2091 3355 ramorum
2162 3293 2240 3357 et
2284 3278 2519 3358 folio-

464 3412 648 3466 rum
726 3393 971 3493 copia.
1094 3396 1226 3469 In·
1266 3391 1688 3468 arboribus
1767 3392 2215 3492 irregularis
2288 3418 2521 3495 saepe

471 3506 843 3590 occurrit,
910 3530 1095 3580 cum
1171 3529 1213 3579 e
1275 3504 1694 3583 tuberculo
1749 3519 1885 3583 aut
1933 3508 2268 3583 exostosi
2318 3509 2517 3584 rami

463 3617 693 3693 multi
772 3616 1095 3715 graciles
1173 3633 1666 3695 enascuntur.
1782 3625 1875 3698 ln
1941 3623 2208 3697 herbis
2271 3621 2520 3717 magis

468 3731 843 3831 regularis
908 3745 1054 3819 est,
1118 3756 1315 3808 cum‘
1366 3728 1784 3812 'numerus
1813 3736 2289 3832 angulorum
2341 3759 2530 3810 cau-·
2619 3830 2630 3833 ,

466 3847 562 3920 lis
604 3860 942 3951 ⁸augetur
991 3847 1231 3923 simul
1283 3873 1613 3950 quoque
1660 3849 1848 3925 folia
1900 3863 2120 3924 terna
2170 3848 2350 3923 loco
2399 3847 2521 3923 fo—

468 3959 769 4036 liorum
849 3961 1408 4062 oppositorum
1473 3977 1608 4040 aut
1670 3964 1913 4065 quina
1978 3963 2161 4038 loco
2213 3975 2522 4062 quater-

467 4098 760 4150 norum
824 4090 902 4151 ει
959 4075 1373 4177 sie·1porro
1439 4091 1868 4174 emergunt.
1998 4078 2275 4175 (Jiiger
2348 4077 2393 4150 l.
2459 4103 2520 4153 c.
