2843 4800
459 284 464 297 '
560 324 708 403 414
1225 322 1950 400 VEGETATIO.

588 540 625 575 “-
684 554 863 641 gro
942 522 1419 647 inficitur,
1495 522 2135 621 carbonaceo
2228 524 2616 619 scilicet

683 667 794 756 in
857 650 1760 756 semineadaucm.
1833 666 1852 781 f

736 863 1014 958 Supra
1064 860 1365 943 dictum
1417 874 1549 950 est,
1601 863 2086 938 carbonaceo
2141 862 2397 938 ablato
2438 887 2612 961 ger-

561 974 1087 1052 minationem
1134 975 1344 1064 fieri,
1393 975 1524 1050 hic
1572 1000 1758 1052 vero
1812 978 2267 1075 embryonis
2313 977 2612 1054 forma-

561 1089 677 1165 tio
733 1092 1225 1167 carbonaceo.
1271 1103 1501 1166 aucto
1553 1089 1846 1165 finitur.
2451 1184 2454 1187 Α

757 1204 931 1279 Pisa
994 1205 1418 1280 immatura
1481 1205 1921 1302 germinare
1971 1205 2349 1280 Senebier
2400 1203 2612 1281 dixe·

562 1331 699 1395 rat.
795 1322 983 1393 Non
1016 1318 1240 1406 fieri,-
1309 1317 1507 1394 dum
1554 1317 1889 1392 viridem
1941 1317 2296 1394 colorem
2349 1334 2611 1395 osten-

565 1430 755 1506 dant
781 1431 1250 1583 Treviranus
1272 1432 1725 1508 accuratius
1722 1430 2278 1508 determinavit
2311 1435 2607 1533 (Verm.

559 1546 786 1622 ..Schr
840 1551 928 1623 Τ.
976 1546 1153 1643 4.-.·)
1723 1614 1726 1615 ⁷

756 1661 1290 1762 Pericarpium
1364 1660 1534 1737 aliis
1603 1685 1789 1737 vero
1870 1662 2450 1738 mutationibus
2532 1675 2608 1737 et

565 1798 795 1875 saepe
865 1774 1102 1873 longe
1178 1775 1501 1851 diversis
1568 1776 2007 1851 obnoxium
2076 1789 2207 1850 est.
2320 1779 2416 1851 In
2481 1797 2606 1872 ge-

564 1912 754 1964 nere
849 1904 985 1965 aut
1079 1889 1532 1976 exsiccatur,
1629 1903 1765 1964 aut
1857 1887 2409 1964 succulentum
2484 1887 2602 1973 fit;

563 2010 1001 2103 utrumque
1096 2012 1323 2077 vero‘
1384 2004 1881 2104 reso'rptione
1964 2001 2351 2078 diminuta
2434 2000 2606 2077 fieri

561 2115 890 2191 videtur.
976 2116 1540 2192 Mutationes
1567 2141 1763 2217 quas
1830 2115 2175 2191 subeunt
2244 2117 2457 2191 succi
2521 2117 2605 2191 in

561 2227 947 2329 fiuctibus
1007 2228 1302 2304 Berard
1366 2230 1725 2330 exposuit
1786 2228 2102 2326 (Annal.
2170 2227 2270 2305 de
2347 2229 2601 2306 Chim.

562 2354 641 2416 et
718 2341 857 2417 Ph.
938 2347 1028 2417 T.
1110 2347 1222 2417 16.
1299 2370 1371 2444 p.
1448 2342 1661 2443 225.)
1761 2343 2237 2420 saccharum
2319 2343 2600 2442 augeri,
2684 2380 2692 2397 ‹

560 2456 868 2555 gummi
922 2471 998 2531 et
1044 2458 1592 2544 membranam
1645 2459 2028 2546 diminui,
2054 2460 2358 2557 gluten,
2385 2457 2599 2559 prin-

561 2570 863 2671 cipium
927 2570 1322 2662 coloranS,
1389 2573 1706 2651 acidum
1766 2573 2174 2660 malicum,
2235 2596 2385 2648 nec
2433 2595 2595 2647 non

560 2683 854 2760 calcem
919 2686 1172 2762 modo
1237 2689 1535 2785 augeri,
1584 2685 1839 2763 modo
1892 2685 2257 2774 diminui,
2311 2710 2595 2794 aquam

559 2822 872 2900 semper
950 2800 1313 2876 diminui.
1446 2806 1776 2903 Semper
1853 2801 2331 2899 oxygenium
2404 2802 2598 2876 aeris

556 2913 642 2989 in
680 2912 1009 2989 'acidum
1061 2915 1573 2991 carbonicum
1620 2929 1932 2991 mutant
1978 2913 2199 3012 (ibid.
2249 2941 2324 3015 Ρ.
2359 2915 2573 3012 152).

751 3028 1247 3104 Dehiscentia
1295 3031 1916 3132 pericarpiorum
1964 3030 2075 3104 ibi
2125 3028 2218 3104 fit
2263 3027 2405 3105 ubi
2453 3028 2597 3104 cel·

556 3139 781 3217 lulae-
829 3137 1232 3218 contextus
1300 3143 1541 3219 aliam*
1593 3145 1887 3220 habent
1952 3143 2474 3219 directionem
2524 3155 2595 3217 et

556 3255 804 3352 magis
839 3251 1273 3355 ,elongatae
1332 3251 1542 3333 sunt.
1651 3258 1777 3333 Fit
1818 3258 1906 3332 in
1957 3258 2083 3333 his
2134 3256 2430 3334 solutio
2482 3280 2593 3332 se-

558 3367 916 3444 cundum
979 3369 1489 3459 diametrum,
1525 3395 1699 3447 ·nec
1757 3371 2226 3454 secundum,
2254 3370 2592 3468 longitu-

560 3480 853 3558 dinem.
980 3481 1180 3563 Vasa
1244 3481 1539 3561 fibrosa
1603 3511 1791 3562 vero
1846 3501 1921 3562 et
1968 3485 2311 3587 spiralia,
2396 3481 2593 3560 dum

560 3597 1069 3687 exsiccantur,
1134 3591 1647 3675 inflectuntur
1712 3614 1788 3675 et
1833 3598 1989 3677 hoc
2038 3598 2293 3675 modo
2343 3595 2594 3673 valvas

556 3709 956 3786 divellunt.
1066 3716 1158 3788 In
1237 3714 1635 3816 plerisque
1716 3713 1828 3788 vis
1895 3728 2009 3789 est
2064 3727 2412 3800 mortua,
2477 3710 2592 3786 uti

557 3824 969 3922 singularis
1041 3823 1183 3901 ista
1268 3827 1745 3904 dehiscentia
1816 3828 1901 3903 in
1972 3825 2590 3931 Euphorbiaceis

554 3923 1091 4044 plurimiS,i1i
1144 3927 1624 4056 quibusdam
1673 3967 1860 4018 vero
1912 3941 2118 4033 viva,
2166 3954 2258 4017 ut
2300 3941 2389 4015 in
2436 3944 2591 4017 Im·-

555 4050 928 4184 patiente,
980 4055 1448 4134 Cardamine
1498 4073 1573 4135 et
1615 4047 1805 4133 aliis».
1905 4087 1910 4094 ·
