2843 4800
556 315 656 392 30
1300 300 1819 389 'PLANTA

560 511 1190 614 (Beschreibung
1285 510 1503 588 einer
1595 511 1744 587 mit
1840 511 2030 589 dem
2112 513 2598 592 Calauschen

434 616 440 631 ⁸
557 629 862 706 Wachs
912 625 1498 725 ausgemahlten
1543 612 2262 729 Farbenpyramide
2309 656 2378 706 v.
2407 634 2474 707 J.
2505 635 2595 707 H.
2729 726 2732 727 ᾗ

555 742 940 824 Lambert.
1010 740 1272 818 Berlin
1324 743 1535 817 1772.
1605 741 1745 838 4.).

748 856 1227 937 Mutationes
1277 854 1644 930 colorum
1692 854 1946 933 variae
2005 871 2209 934 sunt.
2306 860 2599 936 Oriun-

555 991 689 1053 tur
748 997 792 1048 e
854 971 1234 1046 mixtione
1281 969 1911 1070 pigmentorum,
1960 998 2004 1046 a
2057 971 2434 1049 densitate
2483 975 2601 1075 pi-

558 1086 875 1190 gmenti,
943 1111 985 1160 a
1044 1085 1453 1186 pigmento
1518 1082 1697 1159 albo
1763 1084 2143 1175 admixtO,
2196 1113 2238 1163 a
2289 1088 2601 1189 quanti-

556 1218 709 1307 tate
786 1199 1081 1277 coloris'
1146 1221 1290 1274 seu
1359 1196 1558 1272 lucis
1625 1197 2016 1275 coloratae
2073 1203 2481 1291 remissae,
2559 1229 2598 1279 a

556 1315 976 1419 superficie
1020 1312 1269 1410 magis
1315 1311 1680 1389 minusve
1728 1313 2069 1403 nitente,
2110 1340 2151 1391 a
2200 1316 2604 1417 pellucen-

554 1434 659 1510 tia
719 1427 1136 1534 pigmenti,
1184 1451 1330 1503 nec
1378 1450 1545 1503 non
1599 1429 1954 1529 corporis
2001 1430 2277 1531 ipsius,
2328 1456 2369 1507 a
2419 1457 2606 1507 mu·
2656 1475 2658 1478 <

555 1547 853 1623 tatione
897 1541 1279 1646 pigmenti
1326 1541 1574 1641 ipsius
1621 1542 1706 1616 in
1753 1543 2167 1644 superficie
2202 1547 2607 1644 (angelau-

554 1659 737 1737 fene
806 1656 1159 1753 Farben)
1235 1681 1276 1730 a
1347 1656 1736 1732 varietate
1775 1658 2173 1748 colorum,
2226 1686 2442 1761 quos
2490 1663 2609 1763 pi-

557 1788 971 1874 gmentum
1044 1768 1321 1846 reddit
1357 1770 1974 1873 (Farbenspiel).
2093 1775 2405 1850 Pictura
2493 1790 2612 1853 est

557 1889 899 1969 extensio
953 1885 1340 1961 colorum.

751 2001 988 2079 Calor
1032 1996 1584 2096 vegetabilium
1632 2024 1802 2074 non
1850 1999 2115 2076 solum
2164 2001 2231 2077 is
2282 2017 2417 2093 est,
2462 2005 2605 2107 qui

554 2142 698 2220 per
767 2114 1068 2217 plantas
1140 2126 1498 2190 mortuas
1568 2129 2048 2215 propagatur
2121 2130 2198 2191 et
2259 2141 2348 2192 ex
2410 2120 2606 2220 ipsis

554 2230 1001 2317 extricatur,
1065 2228 1205 2303 sed
1258 2253 1586 2335 quoque
1633 2230 1730 2316 is,
1797 2230 1938 2329 qui
1985 2231 2067 2303 in
2116 2230 2377 2330 planta
2426 2234 2606 2310 viva

553 2345 1042 2450 producitur.
1151 2342 1910 2446 Phosphorescentia
1961 2369 2287 2446 quoque
2333 2345 2420 2421 in
2472 2371 2606 2423 ve-

553 2460 1010 2561 getabilium
1057 2460 1410 2560 partibus
1457 2458 1797 2534 mortuis
1846 2460 2186 2560 saepiu3‚
2229 2459 2332 2534 ¹in
2367 2511 2370 2514 ι
2403 2462 2608 2552 vivis

551 2575 945 2651 rarissime
1010 2573 1485 2650 observatur.
1596 2577 1716 2648 De
1784 2571 2271 2649 electricitate
2333 2575 2422 2649 in
2472 2602 2607 2653 ve-

554 2688 1015 2787 getabilibus
1090 2689 1433 2775 excitata,
1516 2701 1651 2764 aut
1722 2684 2079 2785 ejusd-em
2153 2686 2445 2766 effectu
2518 2693 2605 2767 in

551 2803 851 2906 plantas
897 2828 1144 2904 pauca
1192 2802 1581 2878 habemus
1630 2804 2172 2904 experimenta.
2303 2851 2310 2856 -

744 2916 1134 3018 Principia
1204 2915 1655 3018 plantarum
1730 2919 2076 2994 chemica
2136 2909 2607 2997 immediata

551 3045 963 3120 vocantur,
1031 3056 1233 3135 quae
1297 3046 1434 3108 aut
1497 3060 1539 3109 a
1612 3044 1892 3106 natura·
1960 3031 2155 3129 ipsa,
2231 3042 2366 3104 aut
2444 3057 2610 3135 ope

548 3160 1151 3222 menstruorum
1201 3146 1647 3230 eliciuntur,
1700 3166 1761 3218 e.
1811 3165 1879 3240 g.
1929 3141 2266 3240 gummi,
2315 3145 2608 3237 resina,

552 3257 1093 3344 alcaloideum‚
1140 3255 1500 3344 mediata,
1550 3280 1753 3358 quae
1803 3257 2376 3348 combustione,
2433 3289 2608 3364 quo

484 3359 487 3372 '
549 3372 946 3473 pertinent
1005 3394 1531 3468 oxygenmm,
1604 3369 2243 3470 hydrogeneum‚
2320 3377 2611 3456 carbo-

549 3485 855 3572 nicum,
906 3499 1244 3560 azotum.
2321 3553 2324 3558 .

522 3642 529 3648 ·
650 3602 988 3700 Sapores
1061 3598 1452 3700 simplices
1524 3613 1742 3688 sunt,
1817 3614 1952 3678 aut
2028 3599 2267 3676 mixti.
2391 3605 2611 3683 Dein

553 3711 938 3806 differunt
984 3711 1298 3802 effectu,
1363 3738 1427 3789 e.
1476 3737 1544 3814 g.
1580 3739 1811 3805 acres,
1859 3715 2428 3813 adstringentes
2465 3735 2611 3796 etc.

549 3841 726 3904 tum
774 3827 990 3918 loco,
1064 3844 1198 3907 aut
1243 3829 1479 3918 labia,
1553 3845 1690 3907 aut
1736 3843 2036 3929 guttur,
2099 3844 2234 3907 aut
2278 3829 2613 3931 ling-uae

553 3942 856 4044 apicem
945 3958 1082 4021 etc.
1169 3942 1649 4032 adficientes;
1735 3943 2058 4020 tandem
2155 3942 2613 4029 duratione.

554 4057 682 4133 Sic
746 4059 828 4134 in
895 4058 1283 4138 odoribus
1330 4059 1627 4150 mixti0,
1677 4057 2037 4147 effecum,
2086 4059 2309 4137 locu's
2362 4063 2486 4159 (e.
2540 4091 2612 4165 g.
