<?xml version="1.0" encoding="UTF-8"?>
<!DOCTYPE html PUBLIC "-//W3C//DTD XHTML 1.0 Transitional//EN"
    "http://www.w3.org/TR/xhtml1/DTD/xhtml1-transitional.dtd">
<html xmlns="http://www.w3.org/1999/xhtml" xml:lang="en" lang="en">
 <head>
  <title>
</title>
<meta http-equiv="Content-Type" content="text/html;charset=utf-8" />
  <meta name='ocr-system' content='tesseract 3.04.00' />
  <meta name='ocr-capabilities' content='ocr_page ocr_carea ocr_par ocr_line ocrx_word'/>
</head>
<body>
  <div class='ocr_page' id='page_1' title='image "./elementaphiloso01linkgoog_0200.png"; bbox 0 0 2843 4800; ppageno 0'>
   <div class='ocr_carea' id='block_1_1' title="bbox 509 318 1721 438">
    <p class='ocr_par' dir='ltr' id='par_1_1' title="bbox 509 318 1721 438">
     <span class='ocr_line' id='line_1_1' title="bbox 509 318 1721 438; baseline -0.002 -44"><span class='ocrx_word' id='word_1_1' title='bbox 509 318 655 396; x_wconf 75' lang='lat'><strong>192</strong></span> <span class='ocrx_word' id='word_1_2' title='bbox 1038 424 1047 438; x_wconf 20' lang='grc' dir='ltr'><strong>ς</strong></span> <span class='ocrx_word' id='word_1_3' title='bbox 1346 318 1721 400; x_wconf 73' lang='lat' dir='ltr'><strong>POLIA.</strong></span> 
     </span>
    </p>
   </div>
   <div class='ocr_carea' id='block_1_2' title="bbox 407 516 2622 1987">
    <p class='ocr_par' dir='ltr' id='par_1_2' title="bbox 407 516 2574 1076">
     <span class='ocr_line' id='line_1_2' title="bbox 507 516 2562 622; baseline 0.006 -35"><span class='ocrx_word' id='word_1_4' title='bbox 507 560 511 567; x_wconf 88' lang='lat'><em>·</em></span> <span class='ocrx_word' id='word_1_5' title='bbox 601 527 614 587; x_wconf 72' lang='grc' dir='ltr'>ζ</span> <span class='ocrx_word' id='word_1_6' title='bbox 698 516 1047 595; x_wconf 70' lang='lat' dir='ltr'><strong>cellulae</strong></span> <span class='ocrx_word' id='word_1_7' title='bbox 1109 517 1196 593; x_wconf 80' lang='lat' dir='ltr'><strong>in</strong></span> <span class='ocrx_word' id='word_1_8' title='bbox 1228 538 1233 545; x_wconf 83' lang='lat'><strong>·</strong></span> <span class='ocrx_word' id='word_1_9' title='bbox 1260 519 1567 622; x_wconf 87' lang='lat' dir='ltr'><strong>pulvini</strong></span> <span class='ocrx_word' id='word_1_10' title='bbox 1632 519 2049 622; x_wconf 80' lang='lat' dir='ltr'><strong>superficie</strong></span> <span class='ocrx_word' id='word_1_11' title='bbox 2116 516 2388 596; x_wconf 63' lang='lat' dir='ltr'><strong>aliam:</strong></span> <span class='ocrx_word' id='word_1_12' title='bbox 2421 521 2562 598; x_wconf 87' lang='lat' dir='ltr'><strong>ha·-</strong></span> 
     </span>
     <span class='ocr_line' id='line_1_3' title="bbox 502 631 2566 740; baseline 0 -30"><span class='ocrx_word' id='word_1_13' title='bbox 502 635 697 710; x_wconf 87' lang='lat' dir='ltr'><strong>bent</strong></span> <span class='ocrx_word' id='word_1_14' title='bbox 739 631 1125 721; x_wconf 87' lang='lat' dir='ltr'><strong>formam,</strong></span> <span class='ocrx_word' id='word_1_15' title='bbox 1174 660 1421 740; x_wconf 85' lang='lat' dir='ltr'><strong>quam</strong></span> <span class='ocrx_word' id='word_1_16' title='bbox 1472 660 1714 736; x_wconf 81' lang='lat' dir='ltr'><strong>supra</strong></span> <span class='ocrx_word' id='word_1_17' title='bbox 1760 649 1854 712; x_wconf 87' lang='lat' dir='ltr'><strong>et</strong></span> <span class='ocrx_word' id='word_1_18' title='bbox 1883 634 2088 711; x_wconf 87' lang='lat' dir='ltr'><strong>infra</strong></span> <span class='ocrx_word' id='word_1_19' title='bbox 2138 633 2383 710; x_wconf 91' lang='lat' dir='ltr'><strong>istum</strong></span> <span class='ocrx_word' id='word_1_20' title='bbox 2444 635 2566 710; x_wconf 91' lang='lat' dir='ltr'><strong>in-</strong></span> 
     </span>
     <span class='ocr_line' id='line_1_4' title="bbox 505 746 2574 850; baseline 0 -26"><span class='ocrx_word' id='word_1_21' title='bbox 505 747 870 839; x_wconf 86' lang='lat' dir='ltr'><strong>sertionis</strong></span> <span class='ocrx_word' id='word_1_22' title='bbox 896 746 1237 822; x_wconf 83' lang='lat' dir='ltr'><strong>locum.</strong></span> <span class='ocrx_word' id='word_1_23' title='bbox 1330 748 1487 825; x_wconf 87' lang='lat' dir='ltr'><strong>Csr.</strong></span> <span class='ocrx_word' id='word_1_24' title='bbox 1537 748 1589 824; x_wconf 88' lang='lat' dir='ltr'><strong>f.</strong></span> <span class='ocrx_word' id='word_1_25' title='bbox 1635 753 1755 826; x_wconf 87' lang='grc'><strong>38</strong></span> <span class='ocrx_word' id='word_1_26' title='bbox 1825 773 1884 825; x_wconf 94' lang='lat' dir='ltr'><strong>e</strong></span> <span class='ocrx_word' id='word_1_27' title='bbox 1916 749 2250 850; x_wconf 87' lang='lat' dir='ltr'><strong>petiolis</strong></span> <span class='ocrx_word' id='word_1_28' title='bbox 2279 749 2574 825; x_wconf 57' lang='lat' dir='ltr'><strong>Nican÷</strong></span> 
     </span>
     <span class='ocr_line' id='line_1_5' title="bbox 407 861 2559 966; baseline 0.001 -30"><span class='ocrx_word' id='word_1_29' title='bbox 407 932 410 935; x_wconf 11' lang='grc' dir='ltr'><strong>Α</strong></span> <span class='ocrx_word' id='word_1_30' title='bbox 498 862 694 938; x_wconf 84' lang='lat' dir='ltr'><strong>drae</strong></span> <span class='ocrx_word' id='word_1_31' title='bbox 741 861 1248 961; x_wconf 87' lang='lat' dir='ltr'><strong>physaloidis.</strong></span> <span class='ocrx_word' id='word_1_32' title='bbox 1349 863 1646 940; x_wconf 88' lang='lat' dir='ltr'><strong>Similis</strong></span> <span class='ocrx_word' id='word_1_33' title='bbox 1693 862 1930 939; x_wconf 89' lang='lat' dir='ltr'><strong>ratio:</strong></span> <span class='ocrx_word' id='word_1_34' title='bbox 1965 876 2081 939; x_wconf 88' lang='lat' dir='ltr'><strong>est</strong></span> <span class='ocrx_word' id='word_1_35' title='bbox 2145 872 2559 966; x_wconf 82' lang='lat' dir='ltr'><strong>septorum</strong></span> 
     </span>
     <span class='ocr_line' id='line_1_6' title="bbox 502 972 1859 1076; baseline 0 -24"><span class='ocrx_word' id='word_1_36' title='bbox 502 977 588 1052; x_wconf 93' lang='lat' dir='ltr'><strong>in</strong></span> <span class='ocrx_word' id='word_1_37' title='bbox 637 972 990 1050; x_wconf 82' lang='lat' dir='ltr'><strong>medulla</strong></span> <span class='ocrx_word' id='word_1_38' title='bbox 1042 976 1591 1076; x_wconf 87' lang='lat' dir='ltr'><strong>apparentium</strong></span> <span class='ocrx_word' id='word_1_39' title='bbox 1639 975 1689 1051; x_wconf 87' lang='lat' dir='ltr'><strong>f.</strong></span> <span class='ocrx_word' id='word_1_40' title='bbox 1739 981 1859 1054; x_wconf 83' lang='lat'><strong>39.</strong></span> 
     </span>
    </p>

    <p class='ocr_par' dir='ltr' id='par_1_3' title="bbox 502 1044 2622 1509">
     <span class='ocr_line' id='line_1_7' title="bbox 634 1044 2565 1190; baseline 0 -26"><span class='ocrx_word' id='word_1_41' title='bbox 634 1091 908 1164; x_wconf 85' lang='lat' dir='ltr'><strong>Sunt</strong></span> <span class='ocrx_word' id='word_1_42' title='bbox 952 1087 1303 1165; x_wconf 82' lang='lat' dir='ltr'><strong>fasciculi</strong></span> <span class='ocrx_word' id='word_1_43' title='bbox 1356 1089 1602 1166; x_wconf 85' lang='lat' dir='ltr'><strong>caulis</strong></span> <span class='ocrx_word' id='word_1_44' title='bbox 1650 1104 1734 1166; x_wconf 88' lang='lat' dir='ltr'><strong>et·</strong></span> <span class='ocrx_word' id='word_1_45' title='bbox 1772 1112 2189 1190; x_wconf 83' lang='lat' dir='ltr'><strong>ramorum</strong></span> <span class='ocrx_word' id='word_1_46' title='bbox 2249 1044 2565 1178; x_wconf 78' lang='lat' dir='ltr'><strong>externi,</strong></span> 
     </span>
     <span class='ocr_line' id='line_1_8' title="bbox 504 1197 2565 1306; baseline 0 -28"><span class='ocrx_word' id='word_1_47' title='bbox 504 1203 648 1306; x_wconf 88' lang='lat' dir='ltr'><strong>qui</strong></span> <span class='ocrx_word' id='word_1_48' title='bbox 716 1197 818 1279; x_wconf 85' lang='lat' dir='ltr'><strong>ad</strong></span> <span class='ocrx_word' id='word_1_49' title='bbox 879 1202 1082 1278; x_wconf 82' lang='lat' dir='ltr'><strong>latus</strong></span> <span class='ocrx_word' id='word_1_50' title='bbox 1144 1202 1323 1279; x_wconf 86' lang='lat' dir='ltr'><strong>flexi</strong></span> <span class='ocrx_word' id='word_1_51' title='bbox 1389 1203 1782 1305; x_wconf 91' lang='lat' dir='ltr'><strong>petiolum</strong></span> <span class='ocrx_word' id='word_1_52' title='bbox 1854 1203 2199 1292; x_wconf 83' lang='lat' dir='ltr'><strong>intrant,</strong></span> <span class='ocrx_word' id='word_1_53' title='bbox 2274 1204 2565 1283; x_wconf 87' lang='lat' dir='ltr'><strong>cortice</strong></span> 
     </span>
     <span class='ocr_line' id='line_1_9' title="bbox 504 1316 2622 1499; baseline -0.003 -105"><span class='ocrx_word' id='word_1_54' title='bbox 504 1316 1135 1394; x_wconf 83' lang='lat' dir='ltr'><strong>concomitante.</strong></span> <span class='ocrx_word' id='word_1_55' title='bbox 1243 1317 1667 1398; x_wconf 85' lang='lat' dir='ltr'><strong>Interiores</strong></span> <span class='ocrx_word' id='word_1_56' title='bbox 1749 1318 2081 1499; x_wconf 84' lang='lat' dir='ltr'><strong>separati</strong></span> <span class='ocrx_word' id='word_1_57' title='bbox 2164 1316 2282 1394; x_wconf 93' lang='lat' dir='ltr'><strong>ad</strong></span> <span class='ocrx_word' id='word_1_58' title='bbox 2347 1341 2622 1415; x_wconf 81' lang='lat' dir='ltr'><strong>gem-.</strong></span> 
     </span>
     <span class='ocr_line' id='line_1_10' title="bbox 502 1443 2350 1509; baseline -0.003 0"><span class='ocrx_word' id='word_1_59' title='bbox 502 1457 721 1509; x_wconf 92' lang='lat' dir='ltr'><strong>mam</strong></span> <span class='ocrx_word' id='word_1_60' title='bbox 771 1443 2279 1506; x_wconf 88' lang='lat' dir='ltr'><strong>transeunt..</strong></span> <span class='ocrx_word' id='word_1_61' title='bbox 2345 1494 2350 1503; x_wconf 77' lang='grc'><strong>,</strong></span> 
     </span>
    </p>

    <p class='ocr_par' dir='ltr' id='par_1_4' title="bbox 498 1542 2563 1987">
     <span class='ocr_line' id='line_1_11' title="bbox 538 1542 2559 1623; baseline 0.001 -1"><span class='ocrx_word' id='word_1_62' title='bbox 538 1588 567 1611; x_wconf 53' lang='lat'><em>2</em></span> <span class='ocrx_word' id='word_1_63' title='bbox 695 1544 935 1622; x_wconf 86' lang='lat' dir='ltr'><strong>Nervi</strong></span> <span class='ocrx_word' id='word_1_64' title='bbox 995 1542 1384 1621; x_wconf 87' lang='lat' dir='ltr'><strong>foliorum</strong></span> <span class='ocrx_word' id='word_1_65' title='bbox 1453 1545 1828 1622; x_wconf 87' lang='lat' dir='ltr'><strong>eandem</strong></span> <span class='ocrx_word' id='word_1_66' title='bbox 1853 1547 2149 1623; x_wconf 88' lang='lat' dir='ltr'><strong>habent</strong></span> <span class='ocrx_word' id='word_1_67' title='bbox 2223 1559 2559 1623; x_wconf 84' lang='lat' dir='ltr'><strong>structu</strong></span> 
     </span>
     <span class='ocr_line' id='line_1_12' title="bbox 498 1657 2560 1760; baseline -0.002 -22"><span class='ocrx_word' id='word_1_68' title='bbox 498 1672 676 1738; x_wconf 75' lang='lat' dir='ltr'><strong>ram</strong></span> <span class='ocrx_word' id='word_1_69' title='bbox 728 1684 817 1736; x_wconf 90' lang='lat' dir='ltr'><strong>ac</strong></span> <span class='ocrx_word' id='word_1_70' title='bbox 861 1657 1229 1760; x_wconf 60' lang='lat' dir='ltr'><strong>petiolas·</strong></span> <span class='ocrx_word' id='word_1_71' title='bbox 1296 1659 1412 1735; x_wconf 90' lang='lat' dir='ltr'><strong>Si</strong></span> <span class='ocrx_word' id='word_1_72' title='bbox 1462 1667 1744 1737; x_wconf 84' lang='lat' dir='ltr'><strong>teretes</strong></span> <span class='ocrx_word' id='word_1_73' title='bbox 1793 1674 2006 1748; x_wconf 86' lang='lat' dir='ltr'><strong>sunt,</strong></span> <span class='ocrx_word' id='word_1_74' title='bbox 2046 1672 2183 1737; x_wconf 81' lang='lat' dir='ltr'><strong>aut</strong></span> <span class='ocrx_word' id='word_1_75' title='bbox 2212 1658 2560 1736; x_wconf 82' lang='lat' dir='ltr'><strong>fasciculi</strong></span> 
     </span>
     <span class='ocr_line' id='line_1_13' title="bbox 504 1769 2563 1877; baseline -0.001 -26"><span class='ocrx_word' id='word_1_76' title='bbox 504 1774 835 1877; x_wconf 88' lang='lat' dir='ltr'><strong>dispersi</strong></span> <span class='ocrx_word' id='word_1_77' title='bbox 909 1773 1440 1874; x_wconf 88' lang='lat' dir='ltr'><strong>parenchyma</strong></span> <span class='ocrx_word' id='word_1_78' title='bbox 1506 1789 1935 1875; x_wconf 88' lang='lat' dir='ltr'><strong>occupant,</strong></span> <span class='ocrx_word' id='word_1_79' title='bbox 2000 1788 2157 1870; x_wconf 75' lang='lat' dir='ltr'><strong>¹aut</strong></span> <span class='ocrx_word' id='word_1_80' title='bbox 2219 1769 2563 1851; x_wconf 83' lang='lat' dir='ltr'><strong>annulus</strong></span> 
     </span>
     <span class='ocr_line' id='line_1_14' title="bbox 500 1885 2561 1987; baseline -0 -23"><span class='ocrx_word' id='word_1_81' title='bbox 500 1889 805 1987; x_wconf 84' lang='lat' dir='ltr'><strong>integer</strong></span> <span class='ocrx_word' id='word_1_82' title='bbox 834 1885 1277 1964; x_wconf 80' lang='lat' dir='ltr'><strong>medullam</strong></span> <span class='ocrx_word' id='word_1_83' title='bbox 1307 1885 1686 1965; x_wconf 41' lang='lat' dir='ltr'><strong>includit-⁴</strong></span> <span class='ocrx_word' id='word_1_84' title='bbox 1742 1887 1849 1965; x_wconf 81' lang='lat' dir='ltr'><strong>..si</strong></span> <span class='ocrx_word' id='word_1_85' title='bbox 1886 1887 2387 1974; x_wconf 83' lang='lat' dir='ltr'><strong>canaliculati,</strong></span> <span class='ocrx_word' id='word_1_86' title='bbox 2416 1901 2561 1963; x_wconf 80' lang='lat' dir='ltr'><strong>aut</strong></span> 
     </span>
    </p>
   </div>
   <div class='ocr_carea' id='block_1_3' title="bbox 353 2000 2559 2109">
    <p class='ocr_par' dir='ltr' id='par_1_5' title="bbox 353 2000 2559 2109">
     <span class='ocr_line' id='line_1_15' title="bbox 353 2000 2559 2109; baseline 0 -31"><span class='ocrx_word' id='word_1_87' title='bbox 353 2099 367 2109; x_wconf 24' lang='grc' dir='ltr'><strong><em>θ</em></strong></span> <span class='ocrx_word' id='word_1_88' title='bbox 498 2004 715 2106; x_wconf 85' lang='lat' dir='ltr'><strong>plani</strong></span> <span class='ocrx_word' id='word_1_89' title='bbox 773 2013 960 2078; x_wconf 89' lang='lat' dir='ltr'><strong>sunt</strong></span> <span class='ocrx_word' id='word_1_90' title='bbox 1004 2001 1318 2088; x_wconf 87' lang='lat' dir='ltr'><strong>iterum,</strong></span> <span class='ocrx_word' id='word_1_91' title='bbox 1370 2014 1508 2078; x_wconf 88' lang='lat' dir='ltr'><strong>aut</strong></span> <span class='ocrx_word' id='word_1_92' title='bbox 1556 2000 1885 2102; x_wconf 89' lang='lat' dir='ltr'><strong>dispersi</strong></span> <span class='ocrx_word' id='word_1_93' title='bbox 1935 2000 2283 2078; x_wconf 85' lang='lat' dir='ltr'><strong>fasciculi</strong></span> <span class='ocrx_word' id='word_1_94' title='bbox 2333 2024 2559 2102; x_wconf 62' lang='lat' dir='ltr'><strong>repe÷</strong></span> 
     </span>
    </p>
   </div>
   <div class='ocr_carea' id='block_1_4' title="bbox 494 2113 2563 4060">
    <p class='ocr_par' dir='ltr' id='par_1_6' title="bbox 494 2113 2563 3693">
     <span class='ocr_line' id='line_1_16' title="bbox 498 2113 2560 2202; baseline 0 -10"><span class='ocrx_word' id='word_1_95' title='bbox 498 2119 849 2202; x_wconf 88' lang='lat' dir='ltr'><strong>riuntur,</strong></span> <span class='ocrx_word' id='word_1_96' title='bbox 896 2128 1093 2195; x_wconf 74' lang='lat' dir='ltr'><strong>„aut-</strong></span> <span class='ocrx_word' id='word_1_97' title='bbox 1134 2115 1525 2191; x_wconf 88' lang='lat' dir='ltr'><strong>annulum</strong></span> <span class='ocrx_word' id='word_1_98' title='bbox 1577 2114 2118 2191; x_wconf 75' lang='lat' dir='ltr'><strong>-dimidiatum</strong></span> <span class='ocrx_word' id='word_1_99' title='bbox 2189 2113 2560 2193; x_wconf 81' lang='lat' dir='ltr'><strong>formant.</strong></span> 
     </span>
     <span class='ocr_line' id='line_1_17' title="bbox 498 2228 2563 2328; baseline -0.003 -19"><span class='ocrx_word' id='word_1_100' title='bbox 498 2235 596 2309; x_wconf 87' lang='lat' dir='ltr'><strong>In</strong></span> <span class='ocrx_word' id='word_1_101' title='bbox 652 2252 947 2328; x_wconf 84' lang='lat' dir='ltr'><strong>nervos</strong></span> <span class='ocrx_word' id='word_1_102' title='bbox 1000 2228 1451 2304; x_wconf 74' lang='lat' dir='ltr'><strong>subtiliores</strong></span> <span class='ocrx_word' id='word_1_103' title='bbox 1516 2228 1950 2305; x_wconf 78' lang='lat' dir='ltr'><strong>fasciculus·</strong></span> <span class='ocrx_word' id='word_1_104' title='bbox 2001 2228 2319 2306; x_wconf 90' lang='lat' dir='ltr'><strong>medius</strong></span> <span class='ocrx_word' id='word_1_105' title='bbox 2368 2242 2563 2307; x_wconf 77' lang='lat' dir='ltr'><strong>,tan-</strong></span> 
     </span>
     <span class='ocr_line' id='line_1_18' title="bbox 498 2340 2559 2432; baseline -0.002 -9"><span class='ocrx_word' id='word_1_106' title='bbox 498 2360 676 2423; x_wconf 86' lang='lat' dir='ltr'><strong>tum</strong></span> <span class='ocrx_word' id='word_1_107' title='bbox 742 2342 1008 2427; x_wconf 85' lang='lat' dir='ltr'><strong>intrat,</strong></span> <span class='ocrx_word' id='word_1_108' title='bbox 1073 2356 1209 2419; x_wconf 90' lang='lat' dir='ltr'><strong>aut</strong></span> <span class='ocrx_word' id='word_1_109' title='bbox 1268 2340 1622 2419; x_wconf 82' lang='lat' dir='ltr'><strong>medulla</strong></span> <span class='ocrx_word' id='word_1_110' title='bbox 1675 2343 2080 2432; x_wconf 68' lang='lat' dir='ltr'><strong>evanescit,</strong></span> <span class='ocrx_word' id='word_1_111' title='bbox 2105 2342 2233 2422; x_wconf 83' lang='lat' dir='ltr'><strong>ita</strong></span> <span class='ocrx_word' id='word_1_112' title='bbox 2280 2356 2376 2421; x_wconf 91' lang='lat' dir='ltr'><strong>ut</strong></span> <span class='ocrx_word' id='word_1_113' title='bbox 2404 2364 2559 2418; x_wconf 57' lang='lat' dir='ltr'><strong>an-</strong></span> 
     </span>
     <span class='ocr_line' id='line_1_19' title="bbox 499 2456 2561 2559; baseline -0.001 -24"><span class='ocrx_word' id='word_1_114' title='bbox 499 2459 742 2559; x_wconf 75' lang='lat' dir='ltr'><strong>nulus</strong></span> <span class='ocrx_word' id='word_1_115' title='bbox 804 2459 891 2533; x_wconf 90' lang='lat' dir='ltr'><strong>in</strong></span> <span class='ocrx_word' id='word_1_116' title='bbox 954 2456 1420 2533; x_wconf 88' lang='lat' dir='ltr'><strong>fasciculum</strong></span> <span class='ocrx_word' id='word_1_117' title='bbox 1485 2465 1843 2536; x_wconf 84' lang='lat' dir='ltr'><strong>transeat.</strong></span> <span class='ocrx_word' id='word_1_118' title='bbox 1977 2462 2340 2559; x_wconf 74' lang='lat' dir='ltr'><strong>Semper?</strong></span> <span class='ocrx_word' id='word_1_119' title='bbox 2381 2482 2561 2533; x_wconf 84' lang='lat' dir='ltr'><strong>vasa</strong></span> 
     </span>
     <span class='ocr_line' id='line_1_20' title="bbox 499 2570 2560 2674; baseline 0 -25"><span class='ocrx_word' id='word_1_120' title='bbox 499 2572 795 2649; x_wconf 81' lang='lat' dir='ltr'><strong>fibrosa</strong></span> <span class='ocrx_word' id='word_1_121' title='bbox 859 2570 1303 2671; x_wconf 87' lang='lat' dir='ltr'><strong>spiralibus·</strong></span> <span class='ocrx_word' id='word_1_122' title='bbox 1348 2573 1901 2662; x_wconf 60' lang='lat' dir='ltr'><strong>accumbunt„</strong></span> <span class='ocrx_word' id='word_1_123' title='bbox 1934 2596 2166 2673; x_wconf 81' lang='lat' dir='ltr'><strong>saepe</strong></span> <span class='ocrx_word' id='word_1_124' title='bbox 2230 2587 2560 2674; x_wconf 85' lang='lat' dir='ltr'><strong>quoque</strong></span> 
     </span>
     <span class='ocr_line' id='line_1_21' title="bbox 502 2685 2562 2790; baseline -0.002 -25"><span class='ocrx_word' id='word_1_125' title='bbox 502 2702 581 2765; x_wconf 87' lang='lat' dir='ltr'><strong>et</strong></span> <span class='ocrx_word' id='word_1_126' title='bbox 624 2685 751 2763; x_wconf 89' lang='lat' dir='ltr'><strong>his</strong></span> <span class='ocrx_word' id='word_1_127' title='bbox 799 2686 1179 2787; x_wconf 85' lang='lat' dir='ltr'><strong>utrinque</strong></span> <span class='ocrx_word' id='word_1_128' title='bbox 1227 2696 1360 2762; x_wconf 86' lang='lat' dir='ltr'><strong>vas&#39;</strong></span> <span class='ocrx_word' id='word_1_129' title='bbox 1409 2687 1833 2788; x_wconf 86' lang='lat' dir='ltr'><strong>proprium</strong></span> <span class='ocrx_word' id='word_1_130' title='bbox 1883 2688 2341 2790; x_wconf 88' lang='lat' dir='ltr'><strong>appositum</strong></span> <span class='ocrx_word' id='word_1_131' title='bbox 2372 2703 2562 2762; x_wconf 87' lang='lat' dir='ltr'><strong>con-</strong></span> 
     </span>
     <span class='ocr_line' id='line_1_22' title="bbox 496 2798 2558 2904; baseline -0.003 -26"><span class='ocrx_word' id='word_1_132' title='bbox 496 2802 857 2903; x_wconf 88' lang='lat' dir='ltr'><strong>spicitur,</strong></span> <span class='ocrx_word' id='word_1_133' title='bbox 929 2824 1416 2901; x_wconf 87' lang='lat' dir='ltr'><strong>numquam.</strong></span> <span class='ocrx_word' id='word_1_134' title='bbox 1453 2826 1680 2878; x_wconf 85' lang='lat' dir='ltr'><strong>vero.</strong></span> <span class='ocrx_word' id='word_1_135' title='bbox 1726 2801 2037 2904; x_wconf 87' lang='lat' dir='ltr'><strong>spiralia</strong></span> <span class='ocrx_word' id='word_1_136' title='bbox 2095 2798 2277 2876; x_wconf 29' lang='lat' dir='ltr'><strong>‘sola</strong></span> <span class='ocrx_word' id='word_1_137' title='bbox 2347 2799 2558 2877; x_wconf 89' lang='lat' dir='ltr'><strong>inter</strong></span> 
     </span>
     <span class='ocr_line' id='line_1_23' title="bbox 497 2910 2562 3017; baseline -0.002 -27"><span class='ocrx_word' id='word_1_138' title='bbox 497 2915 914 3013; x_wconf 87' lang='lat' dir='ltr'><strong>diachyma</strong></span> <span class='ocrx_word' id='word_1_139' title='bbox 967 2939 1255 3016; x_wconf 78' lang='lat' dir='ltr'><strong>sparsa·</strong></span> <span class='ocrx_word' id='word_1_140' title='bbox 1276 2913 1548 2992; x_wconf 87' lang='lat' dir='ltr'><strong>videre</strong></span> <span class='ocrx_word' id='word_1_141' title='bbox 1594 2916 1843 3017; x_wconf 83' lang='lat' dir='ltr'><strong>potui.</strong></span> <span class='ocrx_word' id='word_1_142' title='bbox 1944 2910 2258 2989; x_wconf 84' lang='lat' dir='ltr'><strong>Cortice</strong></span> <span class='ocrx_word' id='word_1_143' title='bbox 2330 2911 2562 2986; x_wconf 87' lang='lat' dir='ltr'><strong>nervi</strong></span> 
     </span>
     <span class='ocr_line' id='line_1_24' title="bbox 495 3036 2563 3148; baseline -0.003 -26"><span class='ocrx_word' id='word_1_144' title='bbox 495 3045 700 3123; x_wconf 85' lang='lat' dir='ltr'><strong>infra</strong></span> <span class='ocrx_word' id='word_1_145' title='bbox 752 3070 1151 3148; x_wconf 84' lang='lat' dir='ltr'><strong>supraque</strong></span> <span class='ocrx_word' id='word_1_146' title='bbox 1201 3047 1452 3124; x_wconf 86' lang='lat' dir='ltr'><strong>vestiti</strong></span> <span class='ocrx_word' id='word_1_147' title='bbox 1499 3059 1718 3129; x_wconf 70' lang='lat' dir='ltr'><strong>sunt:</strong></span> <span class='ocrx_word' id='word_1_148' title='bbox 1767 3040 1886 3118; x_wconf 42' lang='lat' dir='ltr'><strong>adw</strong></span> <span class='ocrx_word' id='word_1_149' title='bbox 1916 3040 2154 3115; x_wconf 85' lang='lat' dir='ltr'><strong>latera</strong></span> <span class='ocrx_word' id='word_1_150' title='bbox 2205 3059 2393 3113; x_wconf 86' lang='lat' dir='ltr'><strong>cum</strong></span> <span class='ocrx_word' id='word_1_151' title='bbox 2433 3036 2563 3116; x_wconf 82' lang='lat' dir='ltr'><strong>fo-</strong></span> 
     </span>
     <span class='ocr_line' id='line_1_25' title="bbox 497 3156 2563 3294; baseline -0.003 -58"><span class='ocrx_word' id='word_1_152' title='bbox 497 3162 581 3237; x_wconf 91' lang='lat' dir='ltr'><strong>lii</strong></span> <span class='ocrx_word' id='word_1_153' title='bbox 672 3160 1167 3294; x_wconf 85' lang='lat' dir='ltr'><strong>diachymate</strong></span> <span class='ocrx_word' id='word_1_154' title='bbox 1258 3156 1799 3250; x_wconf 79' lang='lat' dir='ltr'><strong>confunditur.</strong></span> <span class='ocrx_word' id='word_1_155' title='bbox 1940 3158 2034 3231; x_wconf 91' lang='lat' dir='ltr'><strong>In</strong></span> <span class='ocrx_word' id='word_1_156' title='bbox 2105 3175 2375 3229; x_wconf 59' lang='lat' dir='ltr'><strong>‘nervo</strong></span> <span class='ocrx_word' id='word_1_157' title='bbox 2481 3166 2563 3229; x_wconf 87' lang='lat' dir='ltr'><strong>et</strong></span> 
     </span>
     <span class='ocr_line' id='line_1_26' title="bbox 494 3265 2558 3370; baseline -0.005 -19"><span class='ocrx_word' id='word_1_158' title='bbox 494 3276 841 3352; x_wconf 84' lang='lat' dir='ltr'><strong>minimo</strong></span> <span class='ocrx_word' id='word_1_159' title='bbox 931 3274 1256 3350; x_wconf 88' lang='lat' dir='ltr'><strong>cellulae</strong></span> <span class='ocrx_word' id='word_1_160' title='bbox 1334 3268 1854 3370; x_wconf 88' lang='lat' dir='ltr'><strong>epidermidis</strong></span> <span class='ocrx_word' id='word_1_161' title='bbox 1919 3288 2293 3368; x_wconf 89' lang='lat' dir='ltr'><strong>semper</strong></span> <span class='ocrx_word' id='word_1_162' title='bbox 2287 3265 2558 3342; x_wconf 88' lang='lat' dir='ltr'><strong>aliam</strong></span> 
     </span>
     <span class='ocr_line' id='line_1_27' title="bbox 495 3383 2559 3494; baseline -0.004 -30"><span class='ocrx_word' id='word_1_163' title='bbox 495 3389 796 3464; x_wconf 88' lang='lat' dir='ltr'><strong>habent</strong></span> <span class='ocrx_word' id='word_1_164' title='bbox 839 3386 1223 3471; x_wconf 83' lang='lat' dir='ltr'><strong>formam,</strong></span> <span class='ocrx_word' id='word_1_165' title='bbox 1246 3403 1536 3494; x_wconf 81' lang='lat' dir='ltr'><strong>quam</strong></span> <span class='ocrx_word' id='word_1_166' title='bbox 1541 3384 1666 3459; x_wconf 90' lang='lat' dir='ltr'><strong>in</strong></span> <span class='ocrx_word' id='word_1_167' title='bbox 1694 3383 2226 3483; x_wconf 84' lang='lat' dir='ltr'><strong>diachymate.</strong></span> <span class='ocrx_word' id='word_1_168' title='bbox 2279 3383 2559 3457; x_wconf 80' lang='lat' dir='ltr'><strong>Num·-</strong></span> 
     </span>
     <span class='ocr_line' id='line_1_28' title="bbox 497 3494 2559 3618; baseline -0.003 -42"><span class='ocrx_word' id='word_1_169' title='bbox 497 3525 745 3604; x_wconf 90' lang='lat' dir='ltr'><strong>quam</strong></span> <span class='ocrx_word' id='word_1_170' title='bbox 836 3497 1255 3612; x_wconf 82' lang='lat' dir='ltr'><strong>glandulae</strong></span> <span class='ocrx_word' id='word_1_171' title='bbox 1338 3509 1714 3577; x_wconf 86' lang='lat' dir='ltr'><strong>cutaneae</strong></span> <span class='ocrx_word' id='word_1_172' title='bbox 1773 3498 2057 3618; x_wconf 81' lang='lat' dir='ltr'><strong>nervis</strong></span> <span class='ocrx_word' id='word_1_173' title='bbox 2137 3494 2559 3598; x_wconf 86' lang='lat' dir='ltr'><strong>impositae</strong></span> 
     </span>
     <span class='ocr_line' id='line_1_29' title="bbox 497 3603 1249 3693; baseline -0.007 -1"><span class='ocrx_word' id='word_1_174' title='bbox 497 3603 1249 3693; x_wconf 81' lang='lat' dir='ltr'><strong>animadvertuntur.</strong></span> 
     </span>
    </p>

    <p class='ocr_par' dir='ltr' id='par_1_7' title="bbox 494 3721 2559 4060">
     <span class='ocr_line' id='line_1_30' title="bbox 686 3721 2557 3830; baseline -0.004 -26"><span class='ocrx_word' id='word_1_175' title='bbox 686 3728 1115 3826; x_wconf 80' lang='lat' dir='ltr'><strong>Diachyma</strong></span> <span class='ocrx_word' id='word_1_176' title='bbox 1195 3728 1620 3830; x_wconf 90' lang='lat' dir='ltr'><strong>putredine</strong></span> <span class='ocrx_word' id='word_1_177' title='bbox 1685 3727 2060 3806; x_wconf 88' lang='lat' dir='ltr'><strong>facillime</strong></span> <span class='ocrx_word' id='word_1_178' title='bbox 2110 3721 2557 3823; x_wconf 88' lang='lat' dir='ltr'><strong>corrumpi-</strong></span> 
     </span>
     <span class='ocr_line' id='line_1_31' title="bbox 494 3840 2559 3933; baseline -0.005 -13"><span class='ocrx_word' id='word_1_179' title='bbox 494 3860 646 3933; x_wconf 88' lang='lat' dir='ltr'><strong>tur,</strong></span> <span class='ocrx_word' id='word_1_180' title='bbox 696 3851 832 3922; x_wconf 91' lang='lat' dir='ltr'><strong>aut</strong></span> <span class='ocrx_word' id='word_1_181' title='bbox 881 3844 977 3919; x_wconf 89' lang='lat' dir='ltr'><strong>ab</strong></span> <span class='ocrx_word' id='word_1_182' title='bbox 1026 3843 1341 3922; x_wconf 88' lang='lat' dir='ltr'><strong>insectis</strong></span> <span class='ocrx_word' id='word_1_183' title='bbox 1394 3844 1769 3931; x_wconf 85' lang='lat' dir='ltr'><strong>exeditur,</strong></span> <span class='ocrx_word' id='word_1_184' title='bbox 1817 3858 1992 3918; x_wconf 86' lang='lat' dir='ltr'><strong>tum</strong></span> <span class='ocrx_word' id='word_1_185' title='bbox 2044 3840 2262 3917; x_wconf 82' lang='lat' dir='ltr'><strong>nervi</strong></span> <span class='ocrx_word' id='word_1_186' title='bbox 2303 3859 2559 3912; x_wconf 88' lang='lat' dir='ltr'><strong>rema-</strong></span> 
     </span>
     <span class='ocr_line' id='line_1_32' title="bbox 495 3947 2559 4060; baseline -0.004 -26"><span class='ocrx_word' id='word_1_187' title='bbox 495 3974 691 4036; x_wconf 89' lang='lat' dir='ltr'><strong>nent</strong></span> <span class='ocrx_word' id='word_1_188' title='bbox 762 3959 945 4046; x_wconf 86' lang='lat' dir='ltr'><strong>soli,</strong></span> <span class='ocrx_word' id='word_1_189' title='bbox 1002 3947 1376 4035; x_wconf 64' lang='lat' dir='ltr'><strong>1scelet0n</strong></span> <span class='ocrx_word' id='word_1_190' title='bbox 1453 3957 1679 4060; x_wconf 88' lang='lat' dir='ltr'><strong>quod</strong></span> <span class='ocrx_word' id='word_1_191' title='bbox 1759 3956 2559 4051; x_wconf 62' lang='lat' dir='ltr'><strong>dicuntfnervorum</strong></span> 
     </span>
    </p>
   </div>
   <div class='ocr_carea' id='block_1_5' title="bbox 495 4065 2564 4258">
    <p class='ocr_par' dir='ltr' id='par_1_8' title="bbox 495 4065 2564 4258">
     <span class='ocr_line' id='line_1_33' title="bbox 495 4065 2559 4254; baseline -0.004 -107"><span class='ocrx_word' id='word_1_192' title='bbox 495 4071 950 4162; x_wconf 79' lang='lat' dir='ltr'><strong>formanteS‚</strong></span> <span class='ocrx_word' id='word_1_193' title='bbox 976 4086 1111 4151; x_wconf 88' lang='lat' dir='ltr'><strong>aut</strong></span> <span class='ocrx_word' id='word_1_194' title='bbox 1157 4087 1319 4152; x_wconf 89' lang='lat' dir='ltr'><strong>rete</strong></span> <span class='ocrx_word' id='word_1_195' title='bbox 1356 4071 1994 4159; x_wconf 71' lang='lat' dir='ltr'><strong>anastomosibus</strong></span> <span class='ocrx_word' id='word_1_196' title='bbox 2038 4065 2559 4254; x_wconf 46' lang='lat' dir='ltr'><strong>‘producgunn</strong></span> 
     </span>
     <span class='ocr_line' id='line_1_34' title="bbox 2427 4202 2564 4258; baseline 0.044 -6"><span class='ocrx_word' id='word_1_197' title='bbox 2427 4202 2564 4258; x_wconf 82' lang='lat' dir='ltr'><strong>na·</strong></span> 
     </span>
    </p>
   </div>
  </div>
 </body>
</html>
