2843 4800
1067 347 1564 427 PLANTA.
2249 357 2346 433 37

282 544 678 621 tabilitatis
741 518 1082 643 gradum
1147 544 1728 648 perducunturz
1777 570 1925 624 nec
1974 572 2144 627 non
2193 561 2341 629 stas

277 672 406 737 tus
456 660 933 743 observatur
978 680 1089 734 ex*
1118 672 1467 762 utroque
1517 660 2009 760 conjunctim.

277 797 423 890 24.
565 794 801 889 Vita
866 794 1478 915 ‘plantarum
1493 869 1514 899 ,
1611 798 1761 889 uti
1877 800 2332 905 omnium

288 950 295 1037 j
399 926 964 1055 corporum
1030 936 1765 1050 organicorum,
1826 935 2143 1031 habet
2195 977 2334 1034 ac-

285 1164 295 1170 .
396 1085 710 1179 tiones,
788 1083 1378 1197 operationes,
1442 1098 1725 1182 actu-5,
1789 1078 1900 1169 in
1960 1109 2330 1197 genere

363 1220 920 1335 functiones.

467 1353 698 1429 Actio
751 1364 871 1427 est
914 1349 1544 1454 simplicissimus
1590 1353 1677 1429 in
1726 1378 2066 1457 corpore
2104 1378 2327 1454 orga-

272 1464 458 1542 nico
512 1464 790 1564 agendi
837 1465 1136 1543 modus
1185 1491 1330 1544 seu
1376 1466 1683 1571 functio
1730 1468 2322 1570 simplicissima.

274 1579 406 1655 Fit
451 1593 587 1655 aut
629 1579 833 1657 inter
876 1594 1137 1681 partes
1185 1579 1513 1669 solidas„
1582 1593 1720 1658 aut
1765 1580 1971 1659 inter
2015 1581 2324 1674 fluidas»,

280 1706 417 1769 aut
461 1694 664 1769 inter
705 1693 998 1770 fluidas
1048 1708 1127 1771 et
1173 1694 1487 1770 solidas.

286 1830 289 1839 ·
458 1809 874 1897 Relaoeatzb
967 1821 1047 1884 et
1128 1808 1553 1886 constr-iouh
1648 1808 2320 1899 membranarum,

268 1945 469 2022 quae
517 1936 861 2024 utraque
905 1937 1180 2000 tonum
1226 1921 1652 2008 constituit,
1702 1921 1864 1997 huc
1908 1922 2322 2025 pertinent.

265 2038 473 2113 Cum
539 2034 627 2111 in
686 2035 951 2137 planta
1001 2037 1213 2113 succi
1272 2060 1418 2140 per
1473 2036 2321 2112 membranastranse-

242 2164 424 2240 -ant,
497 2150 805 2227 horum
881 2149 1253 2227 circuitus
1326 2175 1369 2225 a
1443 2162 1644 2226 tono
1734 2148 2320 2227 determinatur.

266 2268 503 2343 Touo
555 2264 709 2341 isto
761 2268 895 2340 aer
944 2264 1299 2366 aliaeque
1344 2263 1746 2366 potentiae
1795 2277 2149 2341 externae
2201 2290 2320 2342 ar-

264 2394 580 2469 centur,
656 2404 863 2482 quae
932 2379 1020 2455 in
1091 2377 1363 2456 fluidis
1430 2404 1867 2482 corporum
1913 2378 2321 2478 organico-

260 2519 489 2569 rum·
527 2493 1038 2597 putredinem
1118 2491 1566 2582 efficerent,
1639 2493 1828 2569 hine
1888 2503 2130 2570 tonus
2199 2493 2316 2571 ‘ad

264 2608 512 2682 vitam
580 2607 1056 2685 necessarius
1150 2621 1230 2685 et
1292 2621 1557 2706 ‘tonus
1642 2631 1949 2685 cessans
2033 2607 2319 2685 mortis

265 2721 591 2820 signum
642 2735 770 2797 est.

459 2837 671 2912 Cum
719 2834 963 2913 fluida
1016 2836 1381 2934 organica
1443 2859 1488 2913 e
1550 2835 1895 2936 globulis
1959 2848 2322 2912 constent

255 2951 506 3050 magis
571 2948 963 3026 minusve.
993 2949 1605 3053 pellucentibuS,
1677 2950 1765 3026 hi
1814 2946 2099 3047 majori
2162 2948 2316 3023 mi-

257 3066 531 3141 norive
592 3065 984 3140 celeritate
1056 3076 1193 3139 aut
1237 3086 1409 3138 sese
1471 3063 1905 3148 attrahunt,
1967 3073 2103 3135 aut
2148 3082 2317 3135 sese

226 3179 738 3280 ¹propellunt,
788 3203 939 3254 nee
987 3203 1156 3255 non
1208 3203 1255 3253 a
1292 3176 1722 3280 parietibus
1767 3196 2144 3250 ¹vasorum
2177 3185 2319 3251 aut

257 3293 790 3381 attrahuntur,
843 3305 980 3367 aut
1024 3291 1611 3395 propelluntur..

453 3407 941 3509 operationes
1003 3406 1315 3508 plantae
1377 3418 1516 3482 aut
1574 3416 1762 3480 sunt
1807 3405 2307 3502 astructor-iae,

250 3544 312 3595 e.
384 3542 457 3619 g.
535 3544 749 3622 quae
812 3519 914 3596 ad
977 3519 1502 3597 nutritionem
1577 3516 2075 3607 conducunt,
2175 3531 2314 3595 aut

248 3636 739 3736 reptabat-iae,
794 3634 1085 3737 quibus
1137 3658 1198 3710 e.
1248 3656 1317 3732 g.
1370 3631 1849 3710 excretiones
1898 3631 2125 3720 fiunt,
2176 3647 2314 3708 aut

243 3749 702 3834 secr-ctoriae,
752 3747 840 3825 in
891 3749 1183 3851 quibus
1214 3760 1604 3850 utraeque
1632 3745 2090 3824 functiones
2117 3769 2310 3822 con-

244 3859 562 3959 junctae
617 3874 822 3938 sunt.

433 3975 569 4054 Ad
623 3976 887 4052 Actus
919 3973 1381 4053 referendae
1427 3987 1618 4052 sunt
1662 3971 2114 4052 functiones
2144 4000 2310 4052 ma·

244 4088 450 4167 xime
504 4088 1004 4193 compositae
1036 4087 1137 4165 ad
1156 4086 1950 4192 ‚scopumquendam
1983 4086 2311 4186 tenden-
2443 4109 2446 4112 ·
