2843 4800
573 345 724 423 dffl
1232 338 1969 425 VEGETATIO.
2049 368 2055 374 ’

572 552 945 625 tamento
981 564 1148 620 esse
1193 539 1482 643 plures·
1513 542 2040 627 observarunt
2080 554 2170 620 et
2187 502 2644 629 Bernhardi

577 658 1081 739 confirmavit
1161 657 1660 755 (Roeme'r’s-
1683 657 1977 737 Archiv
2059 657 2135 737 da
2175 724 2180 731 .
2221 659 2650 795 Gewachs-

573 775 866 852 kunde.
919 777 1009 848 Τ
1057 775 1124 849 3.
1175 798 1249 872 p.
1299 772 1532 867 448).
2089 826 2094 833 -

616 900 625 914 ’
763 887 1045 984 Frigus
1092 882 1421 986 plantas
1447 884 1882 965 destruere
1899 826 2284 964 omnibns
2342 902 2646 967 notum

576 1017 726 1094 est,
797 1001 1137 1077 minime
1208 1023 1395 1075 vero
1452 999 1574 1076 ob·
1628 988 2010 1107 effectum
2053 1001 2641 1092 mechanicum,

571 1119 691 1196 uti
743 1110 1503 1202 olimcrediderunt,
1538 1102 1727 1196 nam
1763 1118 2167 1213 O'cymum
2204 1117 2640 1223 Basilicum

574 1231 676 1312 ad
746 1232 861 1331 -f-
924 1231 1030 1306 40
1092 1231 1221 1304 R..
1249 1228 1706 1305 ementur..
1724 1228 1938 1308 .Cfr.
2014 1216 2636 1339 Observationes

576 1343 933 1424 Thouini
976 1340 1301 1441 (Annal.
1355 1340 1429 1416 d.
1479 1349 1680 1421 Mus.
1724 1298 1823 1420 Τ.
1873 1348 1939 1422 7.
1987 1368 2063 1446 Ρ.
2113 1345 2277 1440 85.)

766 1456 1234 1538 Arsenicum
1315 1455 1601 1558 plantis
1700 1474 1992 1536 nocere
2074 1458 2634 1561 experimentis

568 1573 935 1681 probavit
1000 1575 1231 1669 Jager
1304 1572 1646 1669 (Journ.
1683 1571 1749 1647 f.
1827 1573 2101 1650 Chem.
2166 1599 2244 1649 u.
2318 1573 2630 1671 Physik.

574 1697 664 1770 T.
737 1696 805 1766 6.-
879 1714 953 1790 p.
1024 1685 1236 1781 271.)
1313 1700 1397 1763 et
1461 1686 1642 1788 ipse
1701 1686 1863 1763 vidi
1936 1710 2206 1765 ramos
2273 1701 2627 1765 resectos

567 1806 1017 1937 plantarum
1098 1799 1482 1877 solutioni
1567 1800 1893 1879 arsenici
1970 1800 2124 1878 albi
2199 1800 2625 1887 immersos

569 1920 825 2001 statim
881 1924 1245 1993 arescere.
1342 1914 1569 1991 Idem
1621 1913 1782 1991 vidi
1832 1915 1917 1990 in
1963 1915 2224 1993 ramis
2238 1914 2622 1992 solutioni

571 2032 876 2115 Tartari
928 2028 1215 2106 stibiati
1263 2027 2323 2105 immersis..

757 2141 1293 2223 Elecnicitatis
1370 2155 1462 2218 et
1505 2141 1991 2225 Galvanismi
2047 2140 2376 2229 effectus
2429 2143 2627 2221 exci-

564 2275 815 2339 tantes
887 2259 974 2332 in
1045 2254 1347 2357 plantas
1420 2257 1800 2333 omnino
1837 2257 2066 2334 duhii.
2136 2272 2327 2336 sunt
2393 2258 2619 2359 (Cfr.

563 2373 772 2457 Rasn
833 2367 1544 2470 Pssanzenphysiol.
1593 2396 1668 2472 p.
1721 2373 1882 2450 146.
1898 2370 1953 2470 ).
2066 2372 2289 2460 vidit
2336 2399 2381 2451 e
2427 2397 2623 2451 con-

560 2488 805 2568 trario
879 2509 1031 2562 van
1101 2489 1419 2564 Marum
1457 2487 1987 2588 ‚Euphorbias
2048 2485 2386 2572 fulmine
2442 2512 2618 2564 ma-

562 2603 842 2681 chinae
893 2597 1292 2676 electi-icae
1338 2612 1586 2676 tactos
1635 2601 1951 2677 nullum
1993 2599 2410 2680 effundere
2441 2626 2616 2682 suc-

562 2743 749 2795 cum
855 2714 1198 2798 lacteum
1306 2728 1735 2815 postquam
1848 2715 2221 2794 dissectae
2319 2714 2614 2794 fuerint

562 2836 881 2933 (Journ.
958 2829 1031 2905 d.
1102 2829 1245 2906 Ph.
1309 2833 1403 2904 Τ.
1464 2832 1634 2905 41.
1694 2833 1949 2968 Grens
2006 2834 2284 2907 Journ.
2349 2828 2425 2907 d.
2471 2830 2611 2914 Ph.

561 2953 652 3024 Τ.
701 2951 768 3022 6.
818 2973 891 3048 Ρ.
940 2942 1173 3041 360.).

559 3157 762 3250 207.
911 3154 1453 3244 Germinatio
1549 3155 1969 3256 senuhum
2057 3149 2172 3241 fit
2262 3166 2602 3252 amoto

681 3291 1232 3384 carbonico
1355 3316 1547 3407 per
1663 3317 2292 3428 exygeneum
2408 3322 2605 3385 am-

618 3433 975 3523 biens
1093 3428 1501 3521 hum01
1476 3458 1556 3574 ιε
1663 3443 1781 3521 et
1894 3432 2254 3596 caloris
2339 3433 2608 3526 exci-

675 3553 1085 3665 tatione.

748 3747 1260 3841 Oxyg'eneum
1337 3701 1866 3824 necessarium
1930 3765 2097 3818 esse
2157 3740 2270 3816 ad·
2319 3702 2607 3839 germi-

500 3860 959 3953 ¹nationem
1034 3856 1466 3942 seminum,
1544 3871 1638 3938 et,
1693 3855 2023 3958 quidem
2106 3879 2605 3955 oxygenenm

549 3997 737 4048 cum
804 3971 1228 4052 carbonico
1310 3971 1641 4048 seminis
1709 3970 2220 4070 germinantis
2300 3968 2605 4072 combi-

548 4086 716 4163 nari
768 4101 845 4164 et
893 4087 1219 4186 acidum
1262 4085 1776 4168 carbunicam
1811 4084 2285 4163 constituere
2326 4083 2602 4164 multis

2475 4221 2600 4277 ex-
