2843 4800
1139 317 1454 437 FLOS.
1755 337 1770 369 1
1986 333 1991 338 ’
2173 312 2320 386 281

391 519 1295 639 metamorphoses‚
1356 521 1718 608 multas
1781 545 2023 606 vero
2055 623 2063 631 ⁶
2096 543 2322 603 ana·

291 774 300 779 ι
391 663 1003 782 morphoses
1040 660 1638 779 praesertim
1660 670 2306 748 monstrosas,

468 858 788 935 Corolla
839 858 1313 958 plerumque
1368 869 1545 957 post
1579 856 1742 952 caly
1748 879 1919 929 cem
1959 848 2327 928 excrescit

270 975 370 1050 ab
458 999 554 1049 eo
641 987 818 1048 ante
898 972 1477 1047 florescentiam
1557 984 1784 1103 tecta,
1878 984 2052 1044 tum
2132 987 2323 1040 vero

273 1102 497 1164 aucta
551 1113 737 1163 eum
789 1112 1183 1187 superans.

473 1201 791 1279 Corolla
858 1205 1152 1277 caduca
1225 1215 1370 1289 est,
1450 1226 1649 1302 quae
1720 1199 1817 1275 ad
1886 1198 2329 1300 explicatio-

277 1342 469 1392 nem
533 1316 756 1391 ssoris
826 1315 1150 1403 decidit,
1203 1319 1558 1402 (lectuna,
1613 1341 1814 1416 quae
1865 1327 2045 1415 post
2097 1313 2370 1391 emis-.

280 1433 589 1505 sionem
642 1430 957 1530 pollinis
1010 1445 1084 1505 et
1136 1431 1465 1531 quidem
1500 1446 1764 1527 vegeta
1801 1444 1934 1504 aut
1979 1413 2328 1502 marcida

285 1544 709 1631 delabitur,
773 1548 1167 1645 persistens
1256 1569 1513 1645 usque
1567 1544 1701 1618 ad
1793 1544 2327 1617 maturitatem

279 1657 587 1734 fructus
633 1659 987 1759 persistit,
1040 1672 1173 1733 aut
1221 1672 1485 1755 vegeta
1539 1672 1672 1732 aut
1705 1658 2327 1743 marcida,⁴com-

280 1774 559 1875 plicata
611 1787 742 1848 aut
776 1773 1139 1873 explicata
1180 1786 1255 1846 et
1287 1771 1614 1871 quidem
1654 1787 1854 1847 certa
1894 1772 2329 1846 directione

283 1889 743 1989 complicata
815 1901 949 1962 aut
1010 1899 1386 1961 contorta.
1503 1885 1914 1962 Interdum
1966 1886 2333 1987 superior

277 2030 457 2105 pars
509 2003 853 2079 corollae
904 2000 1228 2087 secedit,
1279 1999 1551 2076 infima
1604 2014 1912 2075 tantum
1957 2013 2331 2088 remanet,

279 2131 371 2193 ut
427 2119 511 2191 in
578 2116 951 2213 Amarylli
1024 2117 1446 2212 Zeylanica.
1543 2116 1957 2193 Interdum
2009 2116 2333 2194 indura-

282 2247 415 2309 tur
465 2245 542 2308 et
590 2232 898 2306 virescit
948 2229 1484 2361 (Poterium).

288 2403 301 2416 .
373 2427 384 2442 ‚
481 2346 912 2444 Singularis
960 2347 1295 2421 mutatio
1347 2346 1428 2419 in
1480 2346 1820 2422 Mirabili
1871 2346 2144 2422 locum
2192 2344 2335 2421 ob·

284 2464 510 2549 tinet,
559 2463 699 2536 ubi
749 2486 927 2560 pars
976 2460 1252 2534 infima
1307 2460 1677 2549 corollae,
1742 2463 2152 2583 superiore
2218 2485 2336 2536 se-

290 2575 647 2661 cedente,
696 2589 1082 2662 remanet,
1131 2573 1581 2661 induratur,
1634 2576 2042 2662 clauditur,
2093 2599 2335 2673 rugo-

287 2691 546 2765 sitates
597 2687 987 2785 regulares
1042 2703 1115 2763 et
1166 2688 1519 2764 colorem
1573 2689 1894 2785 nigrum
1944 2690 2216 2764 induit
2261 2704 2337 2766 et

284 2804 388 2879 ita
438 2803 966 2905 pericarpium
1019 2802 1328 2878 format.

479 2918 1123 3018 Anamorphoses
1188 2918 1531 2993 corollae
1590 2918 1845 2992 variae
1897 2931 2097 2992 sunt.
2195 2924 2338 2994 Pe-

288 3032 435 3108 tala
487 3047 896 3107 mutantur
943 3033 1026 3106 in
1078 3031 1302 3118 folia,
1369 3030 1592 3131 quod
1644 3055 1831 3105 vero
1886 3054 2052 3105 non
2105 3055 2337 3132 saepe

292 3145 638 3221 accidere
689 3146 908 3220 solet.
1007 3148 1472 3221 Praesertim
1525 3144 1616 3219 fit
1664 3144 2133 3248 inossoribus
2189 3144 2336 3219 alia

286 3258 446 3358 jam
495 3260 1454 3338 monstrositateadfectis
1506 3261 1777 3359 (Jziger
1826 3259 1955 3333 fib.
2012 3256 2340 3335 Missbil-

291 3373 529 3470 dung,
582 3401 655 3473 p.
705 3375 889 3468 fist).
1148 3364 1152 3368 ’

481 3488 871 3563 Excrescit
922 3488 1217 3562 corolla
1271 3502 1347 3562 et
1393 3486 1545 3561 flos
1598 3489 1873 3563 sterilis
1925 3487 2016 3563 fit
2061 3488 2146 3562 in
2207 3488 2343 3564 Vi-

288 3602 553 3678 burno
635 3602 906 3702 Opulo
983 3603 1356 3699 globoso,
1439 3603 1640 3678 sicut
1704 3603 2076 3679 naturalis
2141 3601 2343 3677 radii

287 3715 547 3792 flores.

479 3836 538 3905 Ι
546 3807 869 3906 aciniata
920 3830 1128 3906 fiunt
1174 3831 1458 3932 petala,
1518 3833 1635 3907 uti
1705 3831 2036 3907 naturali
2087 3791 2345 3910 modo

286 3945 371 4018 in
418 3946 770 4022 Diantho
825 3948 1170 4056 superbo
1227 3948 1357 4043 (Ji‘
1343 3970 1505 4043 {ger
1550 3975 1622 4048 p.
1675 3947 1864 4043 50..)

373 4110 380 4115 -
480 4068 776 4137 Auctae
849 4076 1034 4138 sunt
1124 4059 1501 4148 corollae,
1591 4062 1656 4137 si
1741 4072 2139 4159 segmenta
2216 4041 2354 4137 aut
