2843 4800
1049 341 1531 418 PLANTA.
2133 454 2136 459 .
2215 350 2315 426 33

454 546 619 619 Nec
694 540 996 617 mirum
1067 563 1320 617 novae
1380 539 1572 616 huic
1629 541 1847 645 proli
1895 542 1981 619 in
2028 544 2312 645 plantis

258 671 574 736 exortae
635 669 898 757 partes
1076 654 1345 731 asdam
1408 656 1880 754 praecedere
1929 659 2116 758 ipsis
2165 685 2312 739 nu-

257 760 727 834 trimentum
775 777 963 855 prae
1024 767 1259 840 enteS,
1310 777 1599 854 easque
1650 757 1871 856 quasi
1924 756 2310 835 lactantes,

261 874 395 961 Sic
441 867 780 968 gemmis
848 881 925 942 et
983 865 1223 942 ramis
1286 865 1480 967 folia
1528 869 2040 968 praecedunt,
2091 870 2307 949 flori-

254 978 424 1062 bus'
456 985 815 1059 bracteae
865 993 944 1056 et
986 980 1176 1082 ipsis
1224 979 1437 1058 soliis
1486 982 1827 1060 subinde
1875 984 2227 1093 stipulae.

257 1254 400 1339 22.
520 1242 1197 1336 Mutationum
1270 1243 1772 1335 successio
1847 1274 2030 1336 seu
2095 1278 2304 1340 mo-

376 1399 538 1475 tus
610 1412 803 1504 per
871 1380 1407 1501 periodum
1485 1385 1946 1504 corporis
2033 1415 2303 1503 orga-

356 1523 595 1637 nici
628 1546 634 1551 '
666 1523 1308 1613 constitutam
1384 1529 1558 1613 vita
1641 1533 2072 1645 organica
2159 1542 2307 1619 est

393 1677 494 1755 et
570 1662 706 1753 vis
779 1662 1148 1752 motrix
1218 1692 1409 1782 per
1490 1663 1920 1754 eandem
1979 1666 2304 1786 perio-

384 1803 627 1892 dum
693 1810 815 1893 οἱς
878 1808 1175 1899 vitalis,
1306 1801 1722 1894 Plantae
1798 1803 2143 1927 vivunt
2208 1821 2308 1898 et

372 1945 469 2033 vi
530 1940 801 2032 vitali
862 1939 1317 2056 gaudent.

445 2149 624 2229 Vita
674 2147 907 2224 unica
959 2160 1089 2234 est,
1138 2146 1343 2227 varia
1386 2147 1939 2253 phaenomena
1974 2152 2306 2256 quidem

252 2263 705 2351 ostendenS,
754 2286 924 2338 non
979 2263 1185 2339 bene
1239 2288 1428 2340 vero
1487 2266 1893 2341 variorum
1953 2269 2305 2369 phaeno-

249 2405 688 2459 menorum
736 2377 822 2452 in
874 2402 1207 2480 corpore
1258 2381 1632 2479 organico
1667 2380 1845 2457 vivo
1884 2379 2303 2460 occurren-

251 2496 463 2571 tium
533 2491 992 2594 complexus
1070 2492 1222 2569 vita
1303 2510 1647 2571 vocatur.
1777 2497 2306 2601 Intermedius

260 2622 506 2683 status
576 2608 777 2681 inter
845 2607 1086 2683 vitam
1161 2623 1236 2684 et
1305 2624 1654 2686 mortem
1727 2608 1917 2716 fingi
1993 2612 2302 2713 nequit;

258 2722 417 2796 vita
465 2719 707 2794 unico
758 2735 996 2797 cessat
1036 2737 1477 2801 momento.
1519 2805 1524 2814 ,
1590 2725 1765 2802 Vita
1819 2724 2099 2801 debilis
2152 2722 2304 2802 dif-
2391 2785 2397 2792 .

257 2834 616 2912 ficillime
678 2834 1001 2935 quidem
1068 2838 1599 2934 cognoscitur,
1675 2852 1752 2915 at
1812 2865 2301 2941 quamquam

260 2947 741 3025 debilissima
788 2950 926 3037 sit,
975 2948 1177 3024 adsit
1222 2964 1488 3026 tamen
1536 2978 1851 3028 necesse
1906 2965 2036 3027 est.

455 3064 536 3139 si
587 3063 738 3138 vita
787 3063 1019 3139 unica
1072 3076 1203 3152 est,
1253 3064 1485 3138 unica
1534 3078 1842 3139 tantum
1890 3064 2005 3137 vis
2059 3062 2307 3140 vitalis

260 3178 481 3255 adest
522 3178 889 3277 primaria
940 3202 1083 3253 seu
1128 3175 1598 3280 principalis.
1700 3177 1780 3252 Si
1831 3174 2099 3279 plures
2132 3175 2304 3252 fue-

255 3293 424 3367 rint
483 3292 709 3378 vireS,
775 3291 1124 3392 reliquae
1190 3291 1509 3368 nonnisi
1562 3290 1670 3367 ab'
1707 3289 1849 3367 ista
1898 3288 2304 3394 principali

257 3431 406 3482 seu
448 3406 710 3507 primo
761 3419 1078 3482 motore
1125 3419 1568 3486 moventur.

446 3521 763 3595 Primus
810 3519 1032 3595 hicce
1077 3534 1351 3597 motor
1397 3518 1484 3594 in
1535 3516 1996 3595 animalium
2033 3544 2302 3598 senso-

245 3635 378 3710 rio
429 3633 843 3709 communi
894 3632 1167 3710 sedem
1215 3659 1444 3709 suam
1475 3630 1767 3708 habere
1798 3633 1922 3709 vix
1959 3633 2300 3709 dubium

246 3761 389 3824 est.
500 3752 594 3824 In
660 3748 924 3848 planta
985 3762 1147 3846 tota
1197 3749 1402 3848 inter
1451 3744 1796 3842 radicem
1849 3760 1925 3821 et
1975 3745 2302 3832 caulem,

241 3864 349 3938 in'
399 3885 714 3961 gemma
774 3862 982 3938 inter
1028 3885 1424 3964 gemmam
1474 3860 1726 3960 ipsam
1779 3873 1854 3935 et
1905 3857 2069 3956 ejus
2118 3885 2302 3961 pro-

240 3976 757 4076 longationes
812 3977 898 4052 in
964 3975 1185 4052 caule
1248 3975 1557 4076 primus
1604 3973 1747 4050 iste
1796 3986 2069 4048 motor
2113 3972 2302 4048 resi-

245 4089 417 4181 det,
483 4114 729 4192 quern
794 4092 854 4166 si
909 4090 1255 4168 animam
1304 4111 1585 4166 vocare
1636 4086 1830 4162 velis
1874 4098 1952 4162 et
1996 4084 2303 4185 plantae

1656 4204 1706 4275 3
