2843 4800
399 431 407 442 ⁸
533 337 635 411 5ο
700 352 709 357 ·
1347 320 1786 417 FORMA.

1080 912 1085 917 ,
1450 794 1598 923 ΙΙ.
1819 890 1820 895 ψ

1180 1014 1260 1120 F
1334 1015 1425 1129 Ο
1499 1019 1589 1129 R
1660 1019 1765 1129 M
1836 1015 1988 1127 A

1414 1254 1715 1277 nunu—-

531 1416 709 1509 31.
802 1411 1328 1508 PLANTA
1417 1414 2089 1509 NORMALIS
2193 1431 2591 1511 constat

657 1582 712 1645 e
776 1556 1231 1675 partibus
1263 1559 1887 1676 fulcientibus,
1961 1585 2142 1648 seu
2200 1557 2311 1649 in
2347 1559 2585 1649 ‘lon-

534 1700 541 1711 ‘
645 1694 1198 1811 gitudinem
1238 1697 1877 1817 potissimum
1923 1697 2392 1809 extensis3
2435 1732 2586 1789 ex-

492 1923 498 1930 .
639 1844 982 1956 pansis,
1057 1864 1240 1927 seu
1308 1837 1420 1927 in
1501 1835 2134 1929 latitudinem
2194 1837 2581 1959 potissi-

645 2005 935 2093 mum
998 1975 1462 2088 extensi83
1520 1990 1744 2069 tum
1802 1984 2301 2102 involutivzk.

716 2145 1080 2224 Plantam
1130 2148 1575 2226 normalem
1631 2149 1834 2239 dico,
1886 2174 2091 2253 quae
2137 2148 2363 2227 hisce.
2398 2177 2576 2253 par-

516 2259 732 2336 tibus
777 2258 1130 2362 praedita
1178 2276 1327 2351 est,
1375 2254 1854 2343 abnormem
1899 2289 2128 2354 vero,
2178 2289 2382 2365 quae
2440 2263 2575 2340 iis·

520 2371 711 2451 dem
761 2387 985 2452 caret.

707 2488 1070 2568 Deficere
1135 2489 1317 2568 dico
1381 2507 1728 2597 partem,
1808 2491 1874 2571 si
1947 2491 2174 2569 locus
2235 2488 2568 2569 indicari

516 2616 806 2705 potest,
869 2603 958 2678 in
1025 2631 1190 2707 quo
1257 2605 1442 2683 alias
1489 2609 1744 2712 posita
1797 2631 1965 2684 esse
2013 2606 2256 2696 solet,
2308 2630 2572 2684 carere

515 2742 738 2808 vero,
798 2717 864 2794 si
925 2715 1322 2817 ejusmodi
1383 2721 1610 2799 locus
1672 2721 2002 2798 indicari
2063 2723 2361 2824 nequit.
2469 2724 2567 2796 In

510 2831 775 2935 planta
824 2833 1167 2911 normali
1203 2850 1473 2938 partes
1519 2836 1950 2922 fulcientes,
2001 2849 2136 2910 aut
2169 2858 2567 2934 expansae,

478 2960 648 3044 ‘aut
688 2947 1170 3028 involutivae
1218 2975 1389 3029 non
1436 2977 1618 3030 raro
1670 2949 2080 3035 deficiunt·
2111 2970 2567 3047 numquam

482 3079 698 3140 r‘vero
751 3077 1032 3141 carent.

698 3182 965 3256 Partes
1010 3178 1424 3256 fulcientes
1454 3175 1795 3276 reliquas
1829 3195 2112 3248 omnes
2150 3171 2559 3263 sustinent,

507 3290 749 3367 simu]
809 3314 999 3368 vero
1059 3290 1212 3366 illis
1272 3313 1604 3366 succum
1666 3285 2088 3370 nutritium
2135 3285 2560 3378 advehunt,

508 3417 587 3481 et
647 3403 743 3480 ab
810 3401 963 3478 illis
1022 3400 1430 3479 revehunt.
1527 3399 2127 3479 Commercium
2149 3451 2150 3454 κ
2172 3416 2557 3479 mutuum

503 3515 745 3616 igitur
787 3515 997 3593 inter
1039 3530 1298 3619 partes
1346 3514 1636 3593 harum
1687 3539 1841 3617 ope
1887 3514 2312 3620 perficitur.

689 3632 956 3707 Partes
1006 3655 1416 3735 expansae,
1469 3655 1532 3707 e.
1582 3653 1650 3730 g.
1697 3629 1919 3719 folia,
1967 3628 2255 3737 petala,
2306 3629 2551 3730 stipu-

500 3743 620 3822 lae
664 3744 1291 3848 praeparatoriae
1321 3745 1584 3824 vocari
1615 3758 1971 3848 possunt,
2006 3743 2302 3845 quippe
2343 3767 2551 3843 quae

496 3883 790 3958 organa
854 3858 1310 3959 digestionis
1373 3874 1594 3963 sunt,
1673 3861 1760 3936 in
1826 3857 2119 3961 quibus
2181 3856 2391 3932 succi
2445 3856 2549 3932 ad

494 3972 1003 4051 nutriendam
1072 3973 1459 4080 plantam,
1527 3972 1985 4080 praesertim
2048 3968 2364 4075 prolem
2426 3967 2546 4069 ju-

491 4086 805 4167 niorem
851 4104 1433 4193 praeparantur.
