2843 4800
999 329 1575 407 FRUCTUS.
2166 337 2309 412 317

178 627 183 631 ὁ
456 529 793 604 Fructus
854 527 1548 620 tunzbatos·'vocat,
1605 530 1773 633 qui
1848 529 2104 631 calyce·
2176 521 2311 608 aut

263 640 563 718 corolla
644 655 782 717 aut
821 637 1012 717 'aliis
1068 641 1291 717 floris
1348 645 1702 743 partibus
1764 647 2127 748 undique
2195 662 2307 723 te-

262 770 579 853 guntur.
681 757 1113 858 Pericarpia
1156 761 1416 859 spuria
1461 758 1651 834 inde
1702 760 2089 848 oriuntur,
2143 785 2203 835 e.
2239 784 2305 858 g.

264 894 307 944 e
358 869 656 945 corolla
706 871 790 944 in
840 871 1198 958 Mirabili,
1248 873 1659 971 perigynio
1710 872 1794 949 in
1831 876 2099 950 Carice
2138 890 2272 950 etc.

459 988 791 1059 Fructus
852 987 1299 1062 z'noolucrati
1338 1000 1554 1073 sunt,
1618 986 1754 1087 qui
1807 987 1996 1066 aliis„
2024 1015 2110 1064 ac
2159 989 2308 1064 sso-

259 1098 372 1173 ris
458 1097 813 1197 partibus
909 1098 1294 1187 velantur,
1398 1114 1492 1175 ut
1603 1099 1862 1176 adhuc
1957 1103 2305 1204 conspici

260 1212 587 1312 possint.
681 1213 1018 1287 Fructus
1070 1218 1445 1308 Quercus
1491 1216 1909 1291 Castaneae
1945 1215 2306 1293 aliarum-

264 1351 426 1429 que
473 1319 1127 1402 Amentacearum
1177 1325 1414 1425 hujus
1465 1327 1621 1405 loci
1671 1345 1872 1405 sunt.

418 1439 1046 1541 ‘Gynophorum
1118 1441 1632 1518 incrassatum
1716 1442 2305 1545 carpophorum

266 1577 596 1656 quoque
643 1553 856 1629 sistit.

265 1761 471 1852 181.
593 1764 1212 1880 Perz‘carpium
1275 1774 1424 1851 est
1481 1791 1757 1880 pars,
1843 1791 2096 1881 quae
2162 1792 2302 1854 se-

386 1899 663 1990 mina
753 1900 1202 2020 undique
1293 1900 1746 2009 includit3
1854 1936 2142 1991 oerum
2248 1931 2299 1993 e

385 2039 833 2155 germine
932 2042 1289 2143 oritur,
1399 2047 1796 2159 spurium
1900 2070 2015 2133 ex
2116 2033 2304 2130 alia

382 2176 661 2270 floris
723 2194 1038 2298 parte,
1100 2181 1681 2272 bracteisve.

453 2352 868 2454 Pericarpii
919 2378 1220 2429 nomen
1272 2354 1727 2455 antiquum3
1774 2351 2025 2429 utitur
2072 2377 2189 2441 e0,
2227 2359 2304 2429 et

259 2465 590 2567 quidem
639 2468 843 2542 hene
896 2463 1223 2542 definito
1272 2467 1458 2544 Adr.
1512 2466 1903 2568 Spigelius
1944 2472 2298 2566 (Isagoge

255 2581 344 2655 in
393 2583 596 2657 Rem
645 2580 949 2656 herbar.
1030 2580 1352 2656 Helmst.
1405 2585 1614 2657 1667.
1666 2605 1725 2655 c.
1775 2581 1980 2676 13.).,

453 2698 742 2770 Forma
774 2695 1113 2770 maxime
1144 2696 1385 2769 variat
1414 2720 1455 2768 a
1491 2691 2003 2793 sphaeroidea
2042 2693 2139 2768 ad
2176 2719 2300 2790 cy-

254 2808 792 2885 lindroideam
844 2808 1465 2894 ebconoideam‚
1515 2821 1691 2882 tum
1741 2803 2150 2906 deplanata
2202 2797 2296 2882 ab

257 2924 681 3000 orbiculari
748 2922 849 2999 ad
909 2923 1284 2999 linearem
1337 2919 1731 2996 accedens.

456 3039 662 3113 Cum
724 3037 1026 3113 fluctus
1088 3036 1545 3138 frequenter
1601 3033 1688 3106 in
1748 3056 1989 3106 usum
2037 3031 2299 3107 homi-

254 3174 462 3226 num
532 3166 959 3240 vertantur,
1032 3154 1240 3229 varia
1312 3146 1641 3225 nomina
1716 3145 1843 3220 his
1913 3146 2299 3247 imposuit

252 3263 709 3363 antiquitas,
748 3289 963 3352 nux,
1028 3266 1292 3353 bacca,
1343 3262 1747 3359 legumen,
1796 3259 2106 3361 siliqua,
2155 3286 2298 3362 po-

253 3401 523 3464 mum,
591 3401 791 3477 quae
851 3380 1346 3460 retinuerunt
1403 3375 1762 3452 Botanici
1845 3388 1921 3449 et
1992 3398 2296 3450 novum

255 3491 693 3569 terminum
754 3476 1400 3592 conceptaculum
1466 3514 1608 3565 seu
1690 3488 2087 3588 capsulam
2162 3487 2296 3563 ad·-

259 3604 653 3680 diderunt.
740 3605 1196 3681 Linnaeus
1325 3618 1849 3678 antecessores
1929 3616 2293 3688 secutus,

253 3744 516 3796 unum
577 3732 885 3794 tantum
944 3720 1407 3808 terminum,
1461 3717 1759 3818 drupae
1807 3715 2111 3803 scilicet,
2162 3714 2295 3790 ad-

256 3831 506 3930 junxit
553 3832 737 3931 (Ph.
787 3834 946 3908 bot.
996 3836 1161 3908 201.
1174 3832 1228 3930 ).
2153 3862 2154 3865 ¹

445 3947 829 4024 Medicus
886 3946 989 4023 de
1060 3947 1276 4023 hisce
1348 3941 1833 4043 corrigendis
1913 3941 2291 4018 sollicitus

257 4056 407 4135 fuit
469 4061 1169 4164 (Philosophische
1227 4066 1500 4139 Botan.
1573 4055 1760 4135 Hest
1807 4061 1960 4131 .·1..·
2014 4061 2290 4133 Mann-
