2843 4800
1080 274 1667 389 rRUGTUs.
1995 422 2004 428 θ
2257 319 2406 396 327

340 508 986 606 integumentum
1088 507 1604 609 quorundam
1702 509 1929 586 nucis
2023 523 2403 611 putamen

341 647 509 699 esse
584 620 1036 698 vocandum
1107 624 1507 699 existimat.
1625 624 1835 700 Cum
1893 625 2399 700 transversim

338 735 578 838 positi
630 736 820 824 sint,
868 736 1199 813 loculos·
1229 761 1432 814 voco
1486 761 1633 812 nec
1684 735 2231 828 loculamenta.

529 852 625 927 In
710 851 1216 929 Acanthaceis
1302 851 1536 927 video
1629 848 1886 926 valvas
1988 851 2400 953 pericarpii

338 962 508 1042 basi
574 975 1039 1052 contractas,
1115 965 1594 1067 nullumque
1656 988 1931 1040 semen
1987 964 2400 1041 includen-

339 1091 488 1165 tes,
537 1101 879 1177 superne
928 1079 1335 1157 cavitatem
1385 1079 1851 1179 seminaque
1900 1078 2400 1179 intercipien-

339 1205 474 1268 tes.
601 1190 1194 1286 Retinaculum‚
1287 1192 1515 1294 quod
1605 1192 1910 1279 dicunt,
1993 1192 2398 1270 seminum

342 1320 457 1385 est
506 1304 897 1406 appendix
948 1305 1417 1383 columellae
1467 1330 1513 1383 e
1560 1307 2030 1383 membrana
2062 1305 2399 1408 pericar-

338 1420 452 1521 pii
502 1419 779 1494 intima
828 1417 1204 1495 confecta.

530 1531 806 1609 Loculi
854 1532 1105 1632 spurii
1155 1531 1241 1605 in
1294 1530 1718 1610 cruciferis
1765 1558 1810 1611 e
1849 1533 2395 1611 contractione
2489 1605 2500 1610 ,

341 1645 671 1746 siliquae
720 1669 951 1746 saepe
1002 1646 1389 1728 oriuntur.
1427 1689 1436 1700 =

504 1760 911 1850 ‚Cavitates
959 1759 1373 1862 pericarpii
1424 1783 1658 1862 saepe
1705 1786 1995 1839 vacuae
2045 1775 2233 1839 sunt
2279 1761 2392 1836 nil

337 1873 487 1950 nisi
550 1875 849 1950 semina
912 1878 1337 1976 aeremque
1388 1875 1901 1953 continentes.
2004 1876 2086 1953 Si
2143 1875 2394 1976 parie-

334 2002 451 2065 tes
539 1988 977 2063 seminibus
1054 1989 1417 2091 proxime
1497 1988 2013 2078 incumbunt,
2095 1987 2392 2064 locula-

335 2116 599 2178 menta
667 2126 1115 2204 compressa
1178 2117 1582 2181 vocantur.
1708 2104 1791 2180 Si
1853 2127 2137 2202 magna
2187 2102 2391 2180 aeris

231 2219 249 2230 ‘
337 2216 564 2318 copia
616 2215 1084 2306 continetur,
1143 2217 1475 2295 habebis
1524 2216 2051 2304 loculamenta
2100 2215 2390 2296 inflata.

332 2335 650 2410 Farctae
730 2354 962 2433 saepe
1050 2345 1237 2408 sunt
1312 2331 1678 2414 cavitates
1731 2330 2389 2435 ‚parenchymate

337 2445 560 2547 quod
611 2460 748 2523 aut
796 2445 1218 2522 exsiccatur
1264 2460 1581 2523 maturo
1630 2443 1898 2524 fructu
1930 2446 2179 2546 (Citra
2214 2444 2394 2522 dul-

339 2561 485 2657 cia)
536 2574 671 2640 aut
719 2559 1272 2639 succulentum
1318 2557 1413 2634 fit
1457 2560 1702 2656 (Citra
1757 2559 2013 2658 acida)
2048 2574 2184 2636 aut
2211 2558 2387 2660 pul·

334 2699 663 2776 posum,
737 2675 785 2750 i.
841 2698 904 2749 e.
951 2670 1277 2749 materia
1338 2670 1696 2772 pultacea
1743 2672 2135 2777 repletum
2186 2674 2389 2769 (Ta-

332 2788 815 2891 marindus).
952 2787 1201 2887 Pulpa
1280 2785 1501 2860 enim
1586 2784 2260 2866 Tamarindorum
2345 2810 2389 2861 e

332 2902 634 2979 cellulis
684 2917 1021 2990 constat,
1073 2897 1472 2998 eiusmodi
1524 2898 1852 2975 materia
1903 2897 2243 2998 repletis.

524 3020 685 3093 Aut
727 3037 1346 3119 monospermae
1390 3025 1610 3100 sunt,
1661 3025 1797 3087 aut
1845 3010 2388 3112 di-polysper-

332 3152 533 3203 mae.
629 3131 1009 3209 Cavitates
1060 3151 1390 3232 quoque
1440 3125 1813 3202 oriuntur
1860 3123 2161 3200 semina
2212 3147 2384 3203 non

334 3234 826 3319 continentes
875 3270 921 3323 e
967 3244 1270 3324 lacunis
1317 3240 1716 3326 maximis,
1768 3238 2041 3342 quales
2088 3239 2174 3314 in
2222 3237 2388 3317 fru-

336 3370 472 3434 ctu
519 3351 868 3451 Nigellae
918 3357 1432 3438 damascenae
1481 3356 2007 3435 continentur.
2081 3412 2088 3445 .-

337 3508 541 3600 184.
680 3507 1087 3602 Semina
1200 3524 1373 3614 aut
1470 3514 2056 3631 sporoplzorz's
2158 3507 2386 3598 insi-

462 3648 707 3739 dent
776 3647 1305 3741 fasciculos
1396 3650 1778 3774 ligneos
1870 3646 2383 3739 includen-

335 3871 341 3878 .
454 3789 755 3891 tibus,
817 3803 989 3880 aut
1040 3794 1528 3909 parietibus
1586 3789 2151 3909 pericarpii.

532 3925 1049 4026 Sporophora
1116 3918 1465 4005 Richard
1537 3922 2177 4027 trophospermia
2247 3948 2378 4000 vo·

337 4050 457 4115 cat
506 4040 1207 4143 (trophospermes
1251 4043 1393 4117 An.
1447 4038 1523 4119 d.
1571 4037 1663 4116 fr.
1710 4066 1784 4141 p.
1837 4035 1997 4134 17.)
2055 4038 2386 4115 nomine
