2843 4800
994 295 1480 373 PLANTA„
1612 263 1621 273 ’
2003 264 2006 265 ἶ
2173 292 2268 369 47

406 495 823 575 Transitus
902 519 1048 596 per
1118 514 1522 571 accessum
1600 488 1695 568 fit
1771 512 1942 567 uno
2020 491 2271 573 aliove

219 615 660 692 charactere
743 636 787 686 a
862 608 1250 686 divisione
1314 606 1656 684 naturali·
1711 604 2131 684 recedente
2193 623 2275 686 et

218 728 314 806 ad
392 726 628 803 aliam
704 722 1140 801 accedente.
1255 722 1382 799 Sic
1431 722 1740 824 plantae
1786 721 2273 824 pentandrae

214 843 295 917 in
348 845 986 939 Syngenesarum
1036 835 1316 915 ordine
1362 839 1827 968 Aggregatas
1876 838 2034 913 hoc
2094 837 2271 915 cha-

213 970 509 1033 ractere
571 952 947 1030 referunt.
1066 954 1193 1030 Sic
1252 954 1559 1027 Juncus
1621 953 1705 1027 in
1753 951 2319 1029 Liliacearum'
2449 950 2458 969 ⁸

217 1070 500 1147 ordine
532 1067 773 1144 hahet
793 1065 1089 1142 folium
1114 1065 1390 1167 utique
1418 1065 2099 1167 Cyperoidearum
2134 1084 2273 1146 etc.

214 1188 352 1263 Est
394 1183 769 1259 transitus
815 1205 964 1282 per
1013 1181 1675 1278 antagonismum.

408 1303 619 1376 Sunt
683 1293 1051 1382 ordineS,
1130 1293 1268 1395 qui
1347 1294 1825 1371 characteres
1906 1319 1997 1372 ex
2077 1297 2273 1375 alio-

214 1438 402 1489 rum
452 1409 836 1486 ordinum
888 1409 1461 1485 characteribus
1510 1410 1808 1486 hahent
1870 1408 2270 1513 'composi-

215 1540 365 1602 tos.
469 1525 596 1600 Sic
640 1521 1140 1622 Polygalinae
1188 1521 1485 1599 hahent
1533 1525 1933 1625 capsulam
1991 1531 2271 1604 Perso-

114 1727 121 1737 ,
217 1654 584 1715 natarum
635 1652 708 1713 et
757 1661 1031 1713 semen
1078 1637 1900 1737 Euphorbiacearum,
1950 1640 2271 1719 Scrofu—

216 1752 511 1829 larinae
558 1751 751 1829 folia
800 1751 1322 1838 Labiatarum,
1369 1750 1612 1826 flores
1642 1757 2271 1845 Personatarum,

215 1865 566 1943 fructum
634 1864 1267 1943 Solanacearum.
1386 1868 1557 1942 Hos
1620 1864 1943 1942 ordines
2004 1881 2273 1963 gentes

220 1980 573 2058 dixerim.

407 2094 825 2171 Transitus
920 2117 1068 2195 per
1147 2117 1549 2169 accessum
1630 2093 1885 2169 rarior
1966 2107 2113 2184 est,
2197 2109 2276 2174 et

219 2234 667 2313 numquam
740 2207 833 2284 fit
906 2207 1007 2284 ad
1078 2206 1405 2284 ordines
1478 2206 1705 2283 valde
1771 2225 2129 2286 remotos
2197 2224 2274 2287 et

220 2323 784 2427 discrepanteS,
849 2323 994 2399 sed
1059 2346 1372 2424 semper
1435 2322 1535 2397 ad
1604 2321 1925 2399 ordines
1976 2323 2273 2400 affines.

217 2442 420 2517 Hinc
506 2452 775 2537 gentes
857 2438 1064 2513 inter
1144 2437 1467 2514 ordines
1545 2438 1818 2541 paullo
1916 2455 2274 2518 remotos

217 2578 515 2658 paucas
579 2552 986 2628 continent
1044 2552 1373 2654 specieS,
1435 2551 1640 2629 inter
1699 2551 1977 2631 affines
2025 2553 2276 2654 majo-

217 2692 402 2742 rem
472 2664 1102 2764 complectuntur
1148 2667 1592 2769 specierum
1641 2669 1987 2770 copiam,
2037 2694 2275 2747 num-

222 2806 471 2885 quam
522 2793 712 2854 vero
764 2795 1136 2880 quantam
1187 2780 1510 2856 ordines
1561 2782 1974 2859 naturales,

413 2892 804 2974 Videmus
866 2895 1134 2997 itaque
1196 2899 1580 2971 Naturam
1640 2896 1933 2972 habere
2007 2898 2276 2974 nisum
2353 2969 2360 2974 ,

225 3017 505 3086 omn‘es
581 3009 961 3086 omnibus
1031 3009 1301 3085 modis
1367 3009 1826 3085 combinare
1891 3010 2277 3085 characte-

223 3147 348 3199 res
422 3123 509 3196 in
582 3122 1048 3211 individuis,
1132 3124 1273 3201 sed
1350 3122 1661 3198 obstare
1731 3121 2277 3225 repulsionem

225 3251 306 3314 et
355 3238 894 3315 attractionem
941 3239 1149 3316 inter
1196 3239 1695 3325 characteres,
1743 3260 1987 3337 quam
2039 3263 2277 3341 supra

224 3350 594 3427 vidimus,
692 3351 851 3431 Cfr.
886 3354 1272 3432 Abhandl.
1294 3351 1382 3428 ·d.
1413 3358 1502 3429 K.
1534 3349 1909 3430 Akadem.
1946 3350 2020 3428 d.
2054 3356 2276 3433 Wis-

225 3465 526 3542 sensch.
576 3491 638 3542 z.
685 3467 989 3557 Berlin,
1041 3471 1576 3548 1820—1821.
1623 3494 1698 3569 p.
1749 3469 1913 3543 121.

225 3639 363 3729 30.
515 3636 1109 3730 Plantarum
1208 3638 1633 3731 varietas
1733 3638 2119 3759 pendet
2217 3669 2277 3736 a

227 3782 407 3868 solo
431 3850 454 3878 ,
525 3784 867 3872 climate
933 3794 1032 3873 et
1092 3802 1505 3901 tempore.

409 3931 735 4011 Plantae
797 3937 900 4024 ins
933 3935 1231 4016 ’eadem
1279 3935 1607 4032 regione
1656 3948 1956 4009 certum
2011 3949 2276 4012 amant

225 4045 524 4136 solum,
548 4073 724 4126 ‘nec
770 4049 860 4125 in
907 4050 1063 4129 alio
1098 4064 1475 4127 crescunt.
1565 4049 1696 4126 Sic
1726 4047 2024 4125 multae
2055 4045 2276 4152 'plan-

397 4209 461 4282 ³
589 4297 595 4305 .
