<?xml version="1.0" encoding="UTF-8"?>
<!DOCTYPE html PUBLIC "-//W3C//DTD XHTML 1.0 Transitional//EN"
    "http://www.w3.org/TR/xhtml1/DTD/xhtml1-transitional.dtd">
<html xmlns="http://www.w3.org/1999/xhtml" xml:lang="en" lang="en">
 <head>
  <title>
</title>
<meta http-equiv="Content-Type" content="text/html;charset=utf-8" />
  <meta name='ocr-system' content='tesseract 3.04.00' />
  <meta name='ocr-capabilities' content='ocr_page ocr_carea ocr_par ocr_line ocrx_word'/>
</head>
<body>
  <div class='ocr_page' id='page_1' title='image "./elementaphiloso01linkgoog_0423.png"; bbox 0 0 2843 4800; ppageno 0'>
   <div class='ocr_carea' id='block_1_1' title="bbox 895 302 2409 396">
    <p class='ocr_par' dir='ltr' id='par_1_1' title="bbox 895 302 2409 396">
     <span class='ocr_line' id='line_1_1' title="bbox 895 302 2409 396; baseline 0.005 -6"><span class='ocrx_word' id='word_1_1' title='bbox 895 303 1986 393; x_wconf 75' lang='lat' dir='ltr'><strong>VEGETAT10.‘</strong></span> <span class='ocrx_word' id='word_1_2' title='bbox 2123 316 2280 396; x_wconf 71' lang='lat'><strong>²415</strong></span> <span class='ocrx_word' id='word_1_3' title='bbox 2405 302 2409 307; x_wconf 47' lang='grc'><em>’</em></span> 
     </span>
    </p>
   </div>
   <div class='ocr_carea' id='block_1_2' title="bbox 230 518 2293 798">
    <p class='ocr_par' dir='ltr' id='par_1_2' title="bbox 230 518 2293 778">
     <span class='ocr_line' id='line_1_2' title="bbox 230 518 2293 621; baseline 0.001 -11.003"><span class='ocrx_word' id='word_1_4' title='bbox 230 518 440 610; x_wconf 72' lang='lat'><strong>212.</strong></span> <span class='ocrx_word' id='word_1_5' title='bbox 562 518 904 608; x_wconf 85' lang='lat' dir='ltr'><em>Planta</em></span> <span class='ocrx_word' id='word_1_6' title='bbox 975 528 1146 606; x_wconf 81' lang='lat' dir='ltr'><strong>aut</strong></span> <span class='ocrx_word' id='word_1_7' title='bbox 1221 526 1371 608; x_wconf 77' lang='lat' dir='ltr'><strong>est</strong></span> <span class='ocrx_word' id='word_1_8' title='bbox 1431 544 1760 621; x_wconf 78' lang='lat' dir='ltr'><strong>annua,</strong></span> <span class='ocrx_word' id='word_1_9' title='bbox 1826 531 1998 610; x_wconf 82' lang='lat' dir='ltr'><strong>aut</strong></span> <span class='ocrx_word' id='word_1_10' title='bbox 2057 523 2293 612; x_wconf 65' lang='lat' dir='ltr'><strong>hamt--¹</strong></span> 
     </span>
     <span class='ocr_line' id='line_1_3' title="bbox 354 654 2026 798; baseline 0.002 -52"><span class='ocrx_word' id='word_1_11' title='bbox 354 656 526 759; x_wconf 75' lang='lat' dir='ltr'><strong>ni&#39;s,</strong></span> <span class='ocrx_word' id='word_1_12' title='bbox 596 669 768 747; x_wconf 82' lang='lat' dir='ltr'><strong>aut</strong></span> <span class='ocrx_word' id='word_1_13' title='bbox 804 654 1271 778; x_wconf 61' lang='lat' dir='ltr'><strong>perennis,</strong></span> <span class='ocrx_word' id='word_1_14' title='bbox 1333 670 1506 748; x_wconf 81' lang='lat' dir='ltr'><strong>aut</strong></span> <span class='ocrx_word' id='word_1_15' title='bbox 1535 660 2026 798; x_wconf 81' lang='lat' dir='ltr'><strong>frutzcosa.</strong></span> 
     </span>
    </p>
   </div>
   <div class='ocr_carea' id='block_1_3' title="bbox 227 851 2358 4141">
    <p class='ocr_par' dir='ltr' id='par_1_3' title="bbox 227 851 2342 2093">
     <span class='ocr_line' id='line_1_4' title="bbox 422 851 2279 955; baseline 0.002 -26"><span class='ocrx_word' id='word_1_16' title='bbox 422 852 698 930; x_wconf 79' lang='lat' dir='ltr'><strong>Planta</strong></span> <span class='ocrx_word' id='word_1_17' title='bbox 745 876 1007 928; x_wconf 86' lang='lat' dir='ltr'><strong>annua</strong></span> <span class='ocrx_word' id='word_1_18' title='bbox 1058 866 1202 939; x_wconf 87' lang='lat' dir='ltr'><strong>est,</strong></span> <span class='ocrx_word' id='word_1_19' title='bbox 1254 877 1459 954; x_wconf 89' lang='lat' dir='ltr'><strong>quae</strong></span> <span class='ocrx_word' id='word_1_20' title='bbox 1507 851 1795 935; x_wconf 87' lang='lat' dir='ltr'><strong>eodem</strong></span> <span class='ocrx_word' id='word_1_21' title='bbox 1848 879 2057 934; x_wconf 90' lang='lat' dir='ltr'><strong>anno</strong></span> <span class='ocrx_word' id='word_1_22' title='bbox 2097 879 2279 955; x_wconf 79' lang='lat' dir='ltr'><strong>ger-</strong></span> 
     </span>
     <span class='ocr_line' id='line_1_5' title="bbox 227 964 2278 1072; baseline 0.002 -29"><span class='ocrx_word' id='word_1_23' title='bbox 227 967 515 1054; x_wconf 82' lang='lat' dir='ltr'><strong>minat,</strong></span> <span class='ocrx_word' id='word_1_24' title='bbox 568 964 1018 1065; x_wconf 83' lang='lat' dir='ltr'><strong>explicatur,</strong></span> <span class='ocrx_word' id='word_1_25' title='bbox 1068 965 1336 1055; x_wconf 82' lang='lat' dir='ltr'><strong>ssoret,</strong></span> <span class='ocrx_word' id='word_1_26' title='bbox 1385 965 1686 1043; x_wconf 83' lang='lat' dir='ltr'><strong>fructus</strong></span> <span class='ocrx_word' id='word_1_27' title='bbox 1733 966 1886 1044; x_wconf 83' lang='lat' dir='ltr'><strong>fert</strong></span> <span class='ocrx_word' id='word_1_28' title='bbox 1935 984 2009 1047; x_wconf 84' lang='lat' dir='ltr'><strong>et</strong></span> <span class='ocrx_word' id='word_1_29' title='bbox 2055 972 2278 1072; x_wconf 76' lang='lat' dir='ltr'><strong>perit.</strong></span> 
     </span>
     <span class='ocr_line' id='line_1_6' title="bbox 229 1078 2272 1186; baseline 0 -24"><span class='ocrx_word' id='word_1_30' title='bbox 229 1082 467 1162; x_wconf 85' lang='lat' dir='ltr'><strong>Varia</strong></span> <span class='ocrx_word' id='word_1_31' title='bbox 516 1092 783 1155; x_wconf 86' lang='lat' dir='ltr'><strong>tamen</strong></span> <span class='ocrx_word' id='word_1_32' title='bbox 849 1093 963 1154; x_wconf 86' lang='lat' dir='ltr'><strong>est</strong></span> <span class='ocrx_word' id='word_1_33' title='bbox 1024 1078 1358 1168; x_wconf 79' lang='lat' dir='ltr'><strong>dur‘atio,</strong></span> <span class='ocrx_word' id='word_1_34' title='bbox 1421 1080 1531 1156; x_wconf 88' lang='lat' dir='ltr'><strong>ita</strong></span> <span class='ocrx_word' id='word_1_35' title='bbox 1592 1096 1685 1158; x_wconf 90' lang='lat' dir='ltr'><strong>ut</strong></span> <span class='ocrx_word' id='word_1_36' title='bbox 1734 1082 1924 1158; x_wconf 83' lang='lat' dir='ltr'><strong>aliae</strong></span> <span class='ocrx_word' id='word_1_37' title='bbox 1972 1090 2272 1186; x_wconf 86' lang='lat' dir='ltr'><strong>paucos</strong></span> 
     </span>
     <span class='ocr_line' id='line_1_7' title="bbox 229 1191 2342 1296; baseline 0.001 -24"><span class='ocrx_word' id='word_1_38' title='bbox 229 1210 544 1272; x_wconf 85' lang='lat' dir='ltr'><strong>tantum</strong></span> <span class='ocrx_word' id='word_1_39' title='bbox 609 1191 776 1268; x_wconf 89' lang='lat' dir='ltr'><strong>dies</strong></span> <span class='ocrx_word' id='word_1_40' title='bbox 839 1192 1132 1280; x_wconf 86' lang='lat' dir='ltr'><strong>vivant,</strong></span> <span class='ocrx_word' id='word_1_41' title='bbox 1198 1194 1391 1269; x_wconf 88' lang='lat' dir='ltr'><strong>aliae</strong></span> <span class='ocrx_word' id='word_1_42' title='bbox 1440 1194 1707 1296; x_wconf 91' lang='lat' dir='ltr'><strong>plures</strong></span> <span class='ocrx_word' id='word_1_43' title='bbox 1755 1220 2103 1287; x_wconf 79' lang='lat' dir='ltr'><strong>menseS,</strong></span> <span class='ocrx_word' id='word_1_44' title='bbox 2149 1200 2279 1275; x_wconf 83' lang='lat' dir='ltr'><strong>vix</strong></span> <span class='ocrx_word' id='word_1_45' title='bbox 2339 1280 2342 1285; x_wconf 64' lang='grc'>,</span> 
     </span>
     <span class='ocr_line' id='line_1_8' title="bbox 229 1304 2278 1412; baseline 0.001 -26"><span class='ocrx_word' id='word_1_46' title='bbox 229 1310 455 1387; x_wconf 76' lang='lat' dir='ltr'><strong>ullae‘</strong></span> <span class='ocrx_word' id='word_1_47' title='bbox 501 1320 766 1383; x_wconf 87' lang='lat' dir='ltr'><strong>totum</strong></span> <span class='ocrx_word' id='word_1_48' title='bbox 828 1330 1149 1381; x_wconf 90' lang='lat' dir='ltr'><strong>annum.</strong></span> <span class='ocrx_word' id='word_1_49' title='bbox 1269 1304 1526 1405; x_wconf 82' lang='lat' dir='ltr'><strong>Fungi</strong></span> <span class='ocrx_word' id='word_1_50' title='bbox 1591 1306 1918 1411; x_wconf 83' lang='lat' dir='ltr'><strong>quidam</strong></span> <span class='ocrx_word' id='word_1_51' title='bbox 1978 1332 2278 1412; x_wconf 86' lang='lat' dir='ltr'><strong>paucos</strong></span> 
     </span>
     <span class='ocr_line' id='line_1_9' title="bbox 229 1420 2281 1511; baseline 0.002 -12"><span class='ocrx_word' id='word_1_52' title='bbox 229 1438 545 1500; x_wconf 90' lang='lat' dir='ltr'><strong>tantum</strong></span> <span class='ocrx_word' id='word_1_53' title='bbox 608 1421 774 1496; x_wconf 88' lang='lat' dir='ltr'><strong>dies</strong></span> <span class='ocrx_word' id='word_1_54' title='bbox 835 1420 1138 1508; x_wconf 82' lang='lat' dir='ltr'><strong>vivunt,</strong></span> <span class='ocrx_word' id='word_1_55' title='bbox 1200 1446 1381 1498; x_wconf 86' lang='lat' dir='ltr'><strong>cave</strong></span> <span class='ocrx_word' id='word_1_56' title='bbox 1440 1436 1894 1511; x_wconf 66' lang='lat' dir='ltr'><strong>tamem—‘ne</strong></span> <span class='ocrx_word' id='word_1_57' title='bbox 1941 1425 2281 1503; x_wconf 82' lang='lat' dir='ltr'><strong>thallum</strong></span> 
     </span>
     <span class='ocr_line' id='line_1_10' title="bbox 232 1533 2280 1640; baseline 0.002 -28"><span class='ocrx_word' id='word_1_58' title='bbox 232 1556 669 1640; x_wconf 76' lang='lat' dir='ltr'>perennem</span> <span class='ocrx_word' id='word_1_59' title='bbox 719 1533 1082 1631; x_wconf 80' lang='lat' dir='ltr'><strong>negligaS,</strong></span> <span class='ocrx_word' id='word_1_60' title='bbox 1108 1535 1268 1635; x_wconf 81' lang='lat' dir='ltr'><strong>&#39;qui</strong></span> <span class='ocrx_word' id='word_1_61' title='bbox 1319 1534 1622 1611; x_wconf 81' lang='lat' dir='ltr'><strong>fructus</strong></span> <span class='ocrx_word' id='word_1_62' title='bbox 1645 1571 1651 1579; x_wconf 90' lang='lat'><strong>·</strong></span> <span class='ocrx_word' id='word_1_63' title='bbox 1672 1537 1827 1613; x_wconf 86' lang='lat' dir='ltr'><strong>cito</strong></span> <span class='ocrx_word' id='word_1_64' title='bbox 1861 1555 2280 1638; x_wconf 78' lang='lat' dir='ltr'><strong>pereuntes</strong></span> 
     </span>
     <span class='ocr_line' id='line_1_11' title="bbox 234 1648 2304 1753; baseline 0.001 -27"><span class='ocrx_word' id='word_1_65' title='bbox 234 1649 570 1753; x_wconf 82' lang='lat' dir='ltr'><strong>profert,</strong></span> <span class='ocrx_word' id='word_1_66' title='bbox 635 1662 727 1724; x_wconf 92' lang='lat' dir='ltr'><strong>ut</strong></span> <span class='ocrx_word' id='word_1_67' title='bbox 772 1648 858 1722; x_wconf 91' lang='lat' dir='ltr'><strong>in</strong></span> <span class='ocrx_word' id='word_1_68' title='bbox 910 1649 1282 1751; x_wconf 90' lang='lat' dir='ltr'><strong>Coprinis</strong></span> <span class='ocrx_word' id='word_1_69' title='bbox 1329 1649 1711 1726; x_wconf 88' lang='lat' dir='ltr'><strong>videmus.</strong></span> <span class='ocrx_word' id='word_1_70' title='bbox 1814 1650 2304 1728; x_wconf 80' lang='lat' dir='ltr'><strong>Secundum&#39;</strong></span> 
     </span>
     <span class='ocr_line' id='line_1_12' title="bbox 236 1760 2278 1866; baseline -0 -26"><span class='ocrx_word' id='word_1_71' title='bbox 236 1764 479 1840; x_wconf 89' lang='lat' dir='ltr'><strong>caulis</strong></span> <span class='ocrx_word' id='word_1_72' title='bbox 546 1775 680 1851; x_wconf 84' lang='lat' dir='ltr'><strong>aut</strong></span> <span class='ocrx_word' id='word_1_73' title='bbox 737 1760 1024 1838; x_wconf 83' lang='lat' dir='ltr'><strong>radicis</strong></span> <span class='ocrx_word' id='word_1_74' title='bbox 1092 1761 1659 1852; x_wconf 84' lang='lat' dir='ltr'><strong>conditionem,</strong></span> <span class='ocrx_word' id='word_1_75' title='bbox 1724 1777 1859 1841; x_wconf 89' lang='lat' dir='ltr'><strong>aut</strong></span> <span class='ocrx_word' id='word_1_76' title='bbox 1920 1764 2004 1840; x_wconf 91' lang='lat' dir='ltr'><strong>in</strong></span> <span class='ocrx_word' id='word_1_77' title='bbox 2053 1763 2278 1866; x_wconf 90' lang='lat' dir='ltr'><strong>plan-</strong></span> 
     </span>
     <span class='ocr_line' id='line_1_13' title="bbox 230 1862 2278 1978; baseline 0 -25"><span class='ocrx_word' id='word_1_78' title='bbox 230 1892 396 1954; x_wconf 88' lang='lat' dir='ltr'><strong>tam</strong></span> <span class='ocrx_word' id='word_1_79' title='bbox 444 1899 898 1978; x_wconf 85' lang='lat' dir='ltr'><strong>perennem,</strong></span> <span class='ocrx_word' id='word_1_80' title='bbox 952 1889 1087 1951; x_wconf 87' lang='lat' dir='ltr'><strong>aut</strong></span> <span class='ocrx_word' id='word_1_81' title='bbox 1130 1862 1591 1953; x_wconf 78' lang='lat' dir='ltr'><strong>fruticosam</strong></span> <span class='ocrx_word' id='word_1_82' title='bbox 1640 1876 2045 1955; x_wconf 87' lang='lat' dir='ltr'><strong>interdum</strong></span> <span class='ocrx_word' id='word_1_83' title='bbox 2093 1903 2278 1954; x_wconf 90' lang='lat' dir='ltr'><strong>mu-</strong></span> 
     </span>
     <span class='ocr_line' id='line_1_14' title="bbox 227 1993 777 2093; baseline -0.007 -25"><span class='ocrx_word' id='word_1_84' title='bbox 227 1993 371 2068; x_wconf 87' lang='lat' dir='ltr'><strong>tari</strong></span> <span class='ocrx_word' id='word_1_85' title='bbox 420 2003 777 2093; x_wconf 83' lang='lat' dir='ltr'><strong>possunt.</strong></span> 
     </span>
    </p>

    <p class='ocr_par' dir='ltr' id='par_1_4' title="bbox 230 2101 2358 3115">
     <span class='ocr_line' id='line_1_15' title="bbox 418 2101 2277 2206; baseline -0.001 -24"><span class='ocrx_word' id='word_1_86' title='bbox 418 2105 693 2182; x_wconf 81' lang='lat' dir='ltr'><strong>Planta</strong></span> <span class='ocrx_word' id='word_1_87' title='bbox 773 2101 1087 2177; x_wconf 82' lang='lat' dir='ltr'><strong>biennis</strong></span> <span class='ocrx_word' id='word_1_88' title='bbox 1165 2104 1438 2206; x_wconf 87' lang='lat' dir='ltr'><strong>priore</strong></span> <span class='ocrx_word' id='word_1_89' title='bbox 1515 2130 1725 2181; x_wconf 90' lang='lat' dir='ltr'><strong>anno</strong></span> <span class='ocrx_word' id='word_1_90' title='bbox 1798 2103 2038 2181; x_wconf 90' lang='lat' dir='ltr'><strong>flores</strong></span> <span class='ocrx_word' id='word_1_91' title='bbox 2112 2103 2277 2181; x_wconf 85' lang='lat' dir='ltr'><strong>fru-</strong></span> 
     </span>
     <span class='ocr_line' id='line_1_16' title="bbox 234 2210 2280 2321; baseline -0 -26"><span class='ocrx_word' id='word_1_92' title='bbox 234 2210 503 2301; x_wconf 83' lang='lat' dir='ltr'><strong>ctusve</strong></span> <span class='ocrx_word' id='word_1_93' title='bbox 562 2241 731 2297; x_wconf 91' lang='lat' dir='ltr'><strong>non</strong></span> <span class='ocrx_word' id='word_1_94' title='bbox 801 2215 1135 2318; x_wconf 89' lang='lat' dir='ltr'><strong>profert,</strong></span> <span class='ocrx_word' id='word_1_95' title='bbox 1187 2232 1264 2293; x_wconf 89' lang='lat' dir='ltr'><strong>at</strong></span> <span class='ocrx_word' id='word_1_96' title='bbox 1312 2218 1592 2308; x_wconf 87' lang='lat' dir='ltr'><strong>altero,</strong></span> <span class='ocrx_word' id='word_1_97' title='bbox 1643 2243 1806 2321; x_wconf 91' lang='lat' dir='ltr'><strong>quo</strong></span> <span class='ocrx_word' id='word_1_98' title='bbox 1861 2220 2095 2296; x_wconf 87' lang='lat' dir='ltr'><strong>etiam</strong></span> <span class='ocrx_word' id='word_1_99' title='bbox 2142 2243 2280 2321; x_wconf 90' lang='lat' dir='ltr'><strong>pe-</strong></span> 
     </span>
     <span class='ocr_line' id='line_1_17' title="bbox 230 2324 2358 2437; baseline -0.002 -26"><span class='ocrx_word' id='word_1_100' title='bbox 230 2335 350 2410; x_wconf 86' lang='lat' dir='ltr'><strong>rit.</strong></span> <span class='ocrx_word' id='word_1_101' title='bbox 449 2334 1034 2410; x_wconf 88' lang='lat' dir='ltr'><strong>Annuescentes</strong></span> <span class='ocrx_word' id='word_1_102' title='bbox 1086 2329 1446 2423; x_wconf 86' lang='lat' dir='ltr'><strong>dixerim,</strong></span> <span class='ocrx_word' id='word_1_103' title='bbox 1499 2358 1701 2437; x_wconf 88' lang='lat' dir='ltr'><strong>quae</strong></span> <span class='ocrx_word' id='word_1_104' title='bbox 1747 2324 2015 2435; x_wconf 73' lang='lat' dir='ltr'><strong>priore</strong></span> <span class='ocrx_word' id='word_1_105' title='bbox 2065 2357 2274 2409; x_wconf 89' lang='lat' dir='ltr'><strong>anno</strong></span> <span class='ocrx_word' id='word_1_106' title='bbox 2353 2348 2358 2353; x_wconf 76' lang='grc'><em>’</em></span> 
     </span>
     <span class='ocr_line' id='line_1_18' title="bbox 231 2442 2281 2549; baseline -0.001 -26"><span class='ocrx_word' id='word_1_107' title='bbox 231 2447 421 2523; x_wconf 86' lang='lat' dir='ltr'><strong>folia</strong></span> <span class='ocrx_word' id='word_1_108' title='bbox 506 2458 813 2522; x_wconf 86' lang='lat' dir='ltr'><strong>tantum</strong></span> <span class='ocrx_word' id='word_1_109' title='bbox 885 2442 1332 2545; x_wconf 87' lang='lat' dir='ltr'><strong>proferunt,</strong></span> <span class='ocrx_word' id='word_1_110' title='bbox 1404 2473 1547 2546; x_wconf 91' lang='lat' dir='ltr'><strong>per</strong></span> <span class='ocrx_word' id='word_1_111' title='bbox 1608 2448 1975 2544; x_wconf 87' lang='lat' dir='ltr'><strong>hyemem</strong></span> <span class='ocrx_word' id='word_1_112' title='bbox 2035 2446 2281 2549; x_wconf 91' lang='lat' dir='ltr'><strong>persi-</strong></span> 
     </span>
     <span class='ocr_line' id='line_1_19' title="bbox 232 2558 2278 2646; baseline -0.001 -8"><span class='ocrx_word' id='word_1_113' title='bbox 232 2561 534 2646; x_wconf 80' lang='lat' dir='ltr'><strong>stentia,</strong></span> <span class='ocrx_word' id='word_1_114' title='bbox 582 2584 729 2635; x_wconf 88' lang='lat' dir='ltr'><strong>nec</strong></span> <span class='ocrx_word' id='word_1_115' title='bbox 781 2558 1108 2635; x_wconf 87' lang='lat' dir='ltr'><strong>caulem.</strong></span> <span class='ocrx_word' id='word_1_116' title='bbox 1183 2558 1584 2634; x_wconf 85' lang='lat' dir='ltr'><strong>Facillime</strong></span> <span class='ocrx_word' id='word_1_117' title='bbox 1631 2560 1716 2633; x_wconf 91' lang='lat' dir='ltr'><strong>in</strong></span> <span class='ocrx_word' id='word_1_118' title='bbox 1767 2584 2065 2635; x_wconf 85' lang='lat' dir='ltr'><strong>annuas</strong></span> <span class='ocrx_word' id='word_1_119' title='bbox 2097 2585 2278 2636; x_wconf 90' lang='lat' dir='ltr'><strong>mu-</strong></span> 
     </span>
     <span class='ocr_line' id='line_1_20' title="bbox 232 2670 2279 2761; baseline -0.002 -11"><span class='ocrx_word' id='word_1_120' title='bbox 232 2689 532 2761; x_wconf 87' lang='lat' dir='ltr'><strong>tantur,</strong></span> <span class='ocrx_word' id='word_1_121' title='bbox 603 2673 718 2749; x_wconf 90' lang='lat' dir='ltr'><strong>uti</strong></span> <span class='ocrx_word' id='word_1_122' title='bbox 791 2674 878 2749; x_wconf 89' lang='lat' dir='ltr'><strong>in</strong></span> <span class='ocrx_word' id='word_1_123' title='bbox 956 2670 1407 2750; x_wconf 84' lang='lat' dir='ltr'><strong>Cerealibus</strong></span> <span class='ocrx_word' id='word_1_124' title='bbox 1479 2670 1862 2746; x_wconf 86' lang='lat' dir='ltr'><strong>videmus.</strong></span> <span class='ocrx_word' id='word_1_125' title='bbox 1992 2677 2279 2747; x_wconf 77' lang='lat' dir='ltr'><strong>Peren-</strong></span> 
     </span>
     <span class='ocr_line' id='line_1_21' title="bbox 235 2782 2279 2887; baseline -0.002 -25"><span class='ocrx_word' id='word_1_126' title='bbox 235 2795 510 2864; x_wconf 86' lang='lat' dir='ltr'><strong>n&#39;antes</strong></span> <span class='ocrx_word' id='word_1_127' title='bbox 557 2785 910 2874; x_wconf 82' lang='lat' dir='ltr'><strong>dixerim,</strong></span> <span class='ocrx_word' id='word_1_128' title='bbox 966 2810 1167 2887; x_wconf 89' lang='lat' dir='ltr'><strong>quae</strong></span> <span class='ocrx_word' id='word_1_129' title='bbox 1214 2785 1480 2887; x_wconf 91' lang='lat' dir='ltr'><strong>primo</strong></span> <span class='ocrx_word' id='word_1_130' title='bbox 1533 2808 1743 2860; x_wconf 87' lang='lat' dir='ltr'><strong>anno</strong></span> <span class='ocrx_word' id='word_1_131' title='bbox 1778 2782 1933 2882; x_wconf 88' lang='lat' dir='ltr'><strong>jam</strong></span> <span class='ocrx_word' id='word_1_132' title='bbox 1971 2783 2279 2860; x_wconf 89' lang='lat' dir='ltr'><strong>caulem</strong></span> 
     </span>
     <span class='ocr_line' id='line_1_22' title="bbox 235 2897 2274 3022; baseline -0.002 -45"><span class='ocrx_word' id='word_1_133' title='bbox 235 2916 313 2977; x_wconf 85' lang='lat' dir='ltr'><strong>at</strong></span> <span class='ocrx_word' id='word_1_134' title='bbox 341 2899 664 2978; x_wconf 85' lang='lat' dir='ltr'><strong>brevem</strong></span> <span class='ocrx_word' id='word_1_135' title='bbox 690 2900 958 2978; x_wconf 82' lang='lat' dir='ltr'><strong>ferunt</strong></span> <span class='ocrx_word' id='word_1_136' title='bbox 986 2900 1271 2999; x_wconf 85' lang='lat' dir='ltr'><strong>hyeme</strong></span> <span class='ocrx_word' id='word_1_137' title='bbox 1304 2911 1791 3022; x_wconf 82' lang='lat' dir='ltr'><strong>pereuntem,</strong></span> <span class='ocrx_word' id='word_1_138' title='bbox 1824 2912 1999 2976; x_wconf 87' lang='lat' dir='ltr'><strong>tum</strong></span> <span class='ocrx_word' id='word_1_139' title='bbox 2033 2897 2274 2975; x_wconf 88' lang='lat' dir='ltr'><strong>altero</strong></span> 
     </span>
     <span class='ocr_line' id='line_1_23' title="bbox 238 3013 2266 3115; baseline 0 -26"><span class='ocrx_word' id='word_1_140' title='bbox 238 3038 450 3090; x_wconf 85' lang='lat' dir='ltr'><strong>anno</strong></span> <span class='ocrx_word' id='word_1_141' title='bbox 499 3015 739 3092; x_wconf 88' lang='lat' dir='ltr'><strong>flores</strong></span> <span class='ocrx_word' id='word_1_142' title='bbox 774 3013 1266 3115; x_wconf 84' lang='lat' dir='ltr'><strong>fructusque.</strong></span> <span class='ocrx_word' id='word_1_143' title='bbox 2261 3045 2266 3052; x_wconf 94' lang='lat'>·</span> 
     </span>
    </p>

    <p class='ocr_par' dir='ltr' id='par_1_5' title="bbox 236 3125 2284 4025">
     <span class='ocr_line' id='line_1_24' title="bbox 352 3125 2279 3230; baseline 0 -30"><span class='ocrx_word' id='word_1_144' title='bbox 352 3179 357 3184; x_wconf 91' lang='lat'><em>-</em></span> <span class='ocrx_word' id='word_1_145' title='bbox 429 3127 699 3204; x_wconf 83' lang='lat' dir='ltr'><strong>Planta</strong></span> <span class='ocrx_word' id='word_1_146' title='bbox 809 3128 1197 3229; x_wconf 84' lang='lat' dir='ltr'><strong>perennis</strong></span> <span class='ocrx_word' id='word_1_147' title='bbox 1288 3125 1555 3230; x_wconf 90' lang='lat' dir='ltr'><strong>primo</strong></span> <span class='ocrx_word' id='word_1_148' title='bbox 1656 3149 1914 3204; x_wconf 86' lang='lat' dir='ltr'><strong>anno</strong></span> <span class='ocrx_word' id='word_1_149' title='bbox 1968 3125 2279 3202; x_wconf 86' lang='lat' dir='ltr'><strong>caulem</strong></span> 
     </span>
     <span class='ocr_line' id='line_1_25' title="bbox 236 3237 2278 3341; baseline 0 -27"><span class='ocrx_word' id='word_1_150' title='bbox 236 3237 592 3339; x_wconf 84' lang='lat' dir='ltr'><strong>foliaque</strong></span> <span class='ocrx_word' id='word_1_151' title='bbox 668 3241 971 3340; x_wconf 85' lang='lat' dir='ltr'><strong>profert</strong></span> <span class='ocrx_word' id='word_1_152' title='bbox 1065 3240 1352 3339; x_wconf 88' lang='lat' dir='ltr'><strong>hyeme</strong></span> <span class='ocrx_word' id='word_1_153' title='bbox 1447 3254 1913 3341; x_wconf 91' lang='lat' dir='ltr'><strong>pereuntem</strong></span> <span class='ocrx_word' id='word_1_154' title='bbox 1933 3300 1951 3327; x_wconf 92' lang='lat'><strong>,</strong></span> <span class='ocrx_word' id='word_1_155' title='bbox 2035 3239 2278 3316; x_wconf 85' lang='lat' dir='ltr'><strong>altero</strong></span> 
     </span>
     <span class='ocr_line' id='line_1_26' title="bbox 241 3355 2280 3458; baseline 0.002 -30"><span class='ocrx_word' id='word_1_156' title='bbox 241 3371 492 3440; x_wconf 82' lang='lat' dir='ltr'><strong>anno,</strong></span> <span class='ocrx_word' id='word_1_157' title='bbox 615 3379 842 3455; x_wconf 84' lang='lat' dir='ltr'><strong>saepe</strong></span> <span class='ocrx_word' id='word_1_158' title='bbox 940 3379 1266 3458; x_wconf 84' lang='lat' dir='ltr'><strong>quoque</strong></span> <span class='ocrx_word' id='word_1_159' title='bbox 1372 3355 1652 3443; x_wconf 79' lang='lat' dir='ltr'><strong>tertio,</strong></span> <span class='ocrx_word' id='word_1_160' title='bbox 1760 3368 2041 3456; x_wconf 84' lang='lat' dir='ltr'><strong>quarto</strong></span> <span class='ocrx_word' id='word_1_161' title='bbox 2143 3369 2280 3432; x_wconf 81' lang='lat' dir='ltr'><strong>etc.</strong></span> 
     </span>
     <span class='ocr_line' id='line_1_27' title="bbox 238 3464 2281 3570; baseline 0.001 -29"><span class='ocrx_word' id='word_1_162' title='bbox 238 3464 480 3542; x_wconf 79' lang='lat' dir='ltr'><strong>flores</strong></span> <span class='ocrx_word' id='word_1_163' title='bbox 547 3464 1024 3568; x_wconf 60' lang='lat' dir='ltr'><strong>fructusque.</strong></span> <span class='ocrx_word' id='word_1_164' title='bbox 1119 3469 1372 3548; x_wconf 78' lang='lat' dir='ltr'><strong>Radix</strong></span> <span class='ocrx_word' id='word_1_165' title='bbox 1441 3468 1814 3569; x_wconf 82' lang='lat' dir='ltr'><strong>primaria</strong></span> <span class='ocrx_word' id='word_1_166' title='bbox 1886 3494 2029 3570; x_wconf 87' lang='lat' dir='ltr'><strong>per</strong></span> <span class='ocrx_word' id='word_1_167' title='bbox 2088 3475 2281 3569; x_wconf 67' lang='lat' dir='ltr'><strong>pau»-</strong></span> 
     </span>
     <span class='ocr_line' id='line_1_28' title="bbox 243 3579 2284 3684; baseline 0 -30"><span class='ocrx_word' id='word_1_168' title='bbox 243 3604 378 3655; x_wconf 82' lang='lat' dir='ltr'><strong>oos</strong></span> <span class='ocrx_word' id='word_1_169' title='bbox 428 3579 802 3680; x_wconf 85' lang='lat' dir='ltr'><strong>pluresve·</strong></span> <span class='ocrx_word' id='word_1_170' title='bbox 838 3604 1088 3657; x_wconf 89' lang='lat' dir='ltr'><strong>annos</strong></span> <span class='ocrx_word' id='word_1_171' title='bbox 1135 3585 1589 3684; x_wconf 68' lang='lat' dir='ltr'><strong>incorrupfa</strong></span> <span class='ocrx_word' id='word_1_172' title='bbox 1654 3583 2034 3683; x_wconf 90' lang='lat' dir='ltr'><strong>persistit,</strong></span> <span class='ocrx_word' id='word_1_173' title='bbox 2091 3599 2284 3683; x_wconf 87' lang='lat' dir='ltr'><strong>pro·-</strong></span> 
     </span>
     <span class='ocr_line' id='line_1_29' title="bbox 239 3694 2282 3791; baseline 0 -24"><span class='ocrx_word' id='word_1_174' title='bbox 239 3707 568 3791; x_wconf 84' lang='lat' dir='ltr'><strong>pagatur</strong></span> <span class='ocrx_word' id='word_1_175' title='bbox 626 3718 819 3769; x_wconf 77' lang='lat' dir='ltr'><strong>vero</strong></span> <span class='ocrx_word' id='word_1_176' title='bbox 854 3717 1083 3771; x_wconf 83' lang='lat' dir='ltr'><strong>nova</strong></span> <span class='ocrx_word' id='word_1_177' title='bbox 1157 3695 1454 3772; x_wconf 42' lang='lat' dir='ltr'><strong>sobolew</strong></span> <span class='ocrx_word' id='word_1_178' title='bbox 1520 3711 1801 3772; x_wconf 79' lang='lat' dir='ltr'><strong>exorta.</strong></span> <span class='ocrx_word' id='word_1_179' title='bbox 1913 3698 2169 3783; x_wconf 83' lang='lat' dir='ltr'><strong>Aetas,</strong></span> <span class='ocrx_word' id='word_1_180' title='bbox 2219 3694 2282 3769; x_wconf 88' lang='lat' dir='ltr'><strong>si</strong></span> 
     </span>
     <span class='ocr_line' id='line_1_30' title="bbox 242 3808 2281 3910; baseline 0.001 -30"><span class='ocrx_word' id='word_1_181' title='bbox 242 3808 606 3884; x_wconf 89' lang='lat' dir='ltr'><strong>sobolem</strong></span> <span class='ocrx_word' id='word_1_182' title='bbox 677 3822 1006 3910; x_wconf 78' lang='lat' dir='ltr'><strong>spectaS,</strong></span> <span class='ocrx_word' id='word_1_183' title='bbox 1092 3808 1534 3885; x_wconf 74' lang='lat' dir='ltr'><strong>indefinita</strong></span> <span class='ocrx_word' id='word_1_184' title='bbox 1578 3825 1721 3898; x_wconf 85' lang='lat' dir='ltr'><strong>est,</strong></span> <span class='ocrx_word' id='word_1_185' title='bbox 1795 3812 1859 3886; x_wconf 86' lang='lat' dir='ltr'><strong>si</strong></span> <span class='ocrx_word' id='word_1_186' title='bbox 1934 3808 2281 3885; x_wconf 78' lang='lat' dir='ltr'><strong>radicem</strong></span> 
     </span>
     <span class='ocr_line' id='line_1_31' title="bbox 240 3920 2006 4025; baseline 0.003 -29"><span class='ocrx_word' id='word_1_187' title='bbox 240 3920 726 4018; x_wconf 82' lang='lat' dir='ltr'><strong>primariam,</strong></span> <span class='ocrx_word' id='word_1_188' title='bbox 774 3947 935 4025; x_wconf 89' lang='lat' dir='ltr'><strong>per·</strong></span> <span class='ocrx_word' id='word_1_189' title='bbox 964 3947 1260 4023; x_wconf 82' lang='lat' dir='ltr'><strong>paucos</strong></span> <span class='ocrx_word' id='word_1_190' title='bbox 1313 3945 1567 3998; x_wconf 90' lang='lat' dir='ltr'><strong>annos</strong></span> <span class='ocrx_word' id='word_1_191' title='bbox 1613 3924 2006 4024; x_wconf 82' lang='lat' dir='ltr'><strong>perdurat.</strong></span> 
     </span>
    </p>

    <p class='ocr_par' dir='ltr' id='par_1_6' title="bbox 429 4029 2283 4141">
     <span class='ocr_line' id='line_1_32' title="bbox 429 4029 2283 4141; baseline 0.001 -29"><span class='ocrx_word' id='word_1_192' title='bbox 429 4037 698 4115; x_wconf 86' lang='lat' dir='ltr'><strong>Planta</strong></span> <span class='ocrx_word' id='word_1_193' title='bbox 780 4036 1154 4115; x_wconf 82' lang='lat' dir='ltr'><strong>fruticosa</strong></span> <span class='ocrx_word' id='word_1_194' title='bbox 1227 4035 1542 4114; x_wconf 88' lang='lat' dir='ltr'><strong>&#39;caulem</strong></span> <span class='ocrx_word' id='word_1_195' title='bbox 1621 4040 1885 4141; x_wconf 89' lang='lat' dir='ltr'><strong>primo</strong></span> <span class='ocrx_word' id='word_1_196' title='bbox 1977 4029 2283 4141; x_wconf 81' lang='lat' dir='ltr'><strong>profert</strong></span> 
     </span>
    </p>
   </div>
  </div>
 </body>
</html>
