2843 4800
1073 343 1451 437 roma.
2148 350 2290 425 189
2409 446 2416 452 .
2513 324 2520 330 ’

231 544 469 622 rioris
534 565 724 634 cum
788 541 1057 638 nervis
1109 569 1179 632 e,
1223 543 1306 644 s
1335 540 1920 644 epidermidem
1960 547 2289 648 paginae

230 657 907 761 superioris.

424 771 735 849 Paullo
726 769 962 866 aliter
987 721 1531 868 constructum
1567 786 1682 876 est
1712 773 2004 851 folium
2043 747 2288 855 Com·

231 885 573 962 melinae
646 882 696 961 f.
755 887 877 971 27.
956 883 1282 968 Iudicat
1343 915 1398 963 a
1431 865 2025 988 epidermidem
2062 890 2290 990 pagi-

232 1024 380 1077 nae
455 998 871 1098 inferioris
893 1003 1405 1099 ²separatam.
1415 1003 1684 1098 strato
1722 1003 2287 1103 parenchyma-

233 1114 330 1189 tis
398 1110 493 1206 b,
548 1137 595 1196 a
626 1089 947 1196 ,cortice
984 1143 1026 1190 c
1073 1112 1156 1187 in
1210 1138 1395 1215 quo·
1428 1117 1646 1191 nervi
1698 1119 1757 1212 d
1803 1115 2291 1219 ειιιίιιιειάιζει-

231 1240 529 1312 tuntur.
642 1219 1023 1326 Medium
1071 1241 1419 1328 occupat·
1445 1228 1764 1362 diploe
1791 1259 1831 1307 e
1880 1257 2123 1334 quam
2169 1255 2291 1336 se-

185 1344 192 1351 ’
232 1341 507 1443 quitur
555 1339 982 1442 epidermis
1017 1342 1380 1442 paginae
1404 1345 1841 1445 superioris
1865 1348 1947 1449 f

422 1454 873 1555 Epidermis
940 1470 1244 1531 constat
1311 1479 1375 1550 e
1390 1457 1728 1550 cellulis
1785 1443 2286 1560 quadrangu-

230 1568 1456 1670 laribuS,quinquangula1·ibus
1455 1584 1602 1670 ‚aut
1619 1573 2285 1680 sexangularibuS.

236 1681 927 1780 Quadrangulares
960 1684 1070 1757 in
1134 1681 1348 1759 fo'liis
1386 1684 1817 1782 gramineis
1865 1686 2288 1764 similibus—

232 1823 394 1899 que
469 1795 917 1894 secundum
990 1795 1211 1873 folii
1238 1797 1826 1894 longitudinem
1897 1800 1983 1874 in
2046 1797 2296 1876 series

233 1889 691 1998 distributae
727 1925 1122 2040 apparent,
1144 1910 1879 2014 quinquangulares
1915 1926 1990 1988 et
2021 1937 2289 1988 sexan-

227 2025 535 2124 gulares
610 2047 783 2098 non
867 2025 990 2099 ita.
1112 2026 1453 2144 Parietes
1529 2021 1998 2128 cellularum
2010 2052 2285 2132 saepe

226 2138 558 2215 flexuosi
626 2152 1005 2238 apparent
1070 2153 1148 2215 et
1194 2165 1370 2215 vasa
1420 2140 1807 2242 serpentia
1858 2142 2289 2229 imitantur,

228 2249 454 2353 quod
535 2276 757 2340 vero,
838 2250 1038 2327 dum
1121 2250 1558 2328 detrahitur
1642 2252 2103 2354 epidermis,
2188 2257 2286 2332 ab

227 2370 410 2445 aiire
457 2367 882 2443 exsiccante
929 2366 1419 2467 productum
1455 2364 1783 2445 videtur.
1863 2367 2019 2446 Cfr.
2060 2367 2290 2446 infra

224 2476 678 2579 Epidermis
738 2479 825 2557 in
887 2477 1272 2559 foliorum
1335 2482 1620 2582 pagina
1675 2462 2056 2561 inferiore
2087 2470 2289 2560 faci-

226 2591 386 2666 lius
451 2590 917 2682 detrahitur,
983 2620 1228 2697 quam
1290 2594 1379 2685 in
1446 2596 1891 2695 superiore,
1943 2599 2051 2674 ob
2103 2598 2287 2674 laxi-

223 2717 503 2795 tatem,
553 2729 743 2781 nam
789 2723 1173 2785 structura
1225 2732 1394 2784 non
1447 2707 1734 2784 differt.
1798 2750 1803 2755 ·

418 2823 513 2897 In
577 2819 791 2896 foliis
863 2820 1349 2924 quibusdam
1424 2804 1899 2933 succulentis
1971 2780 2284 2905 tantum

224 2948 554 3012 stratum
603 2933 817 3010 istud
869 2934 915 3011 b
963 2935 1015 3010 f.
1062 2938 1181 3013 27.
1231 2948 1580 3035 apparet,
1631 2961 1797 3037 quo
1852 2920 2279 3097 epidermis

229 3071 271 3133 a
319 3048 609 3126 cortice
662 3064 1083 3151 separatur.

424 3165 710 3240 Cortex
776 3162 1293 3267 componitur
1359 3186 1401 3271 e
1455 3159 1754 3237 cellulis
1800 3092 2280 3273 plerumque

227 3273 580 3371 globosis
645 3275 890 3352 dense
957 3277 1377 3375 aggregatis
1441 3270 1853 3385 pigmento
1922 3264 2152 3359 viridi
2207 3291 2284 3353 et

166 3466 169 3469 ,
227 3387 557 3489 quidem
609 3414 939 3469 exsucco
990 3388 1339 3493 repletis.
1418 3395 1519 3471 In
1571 3376 1782 3477 foliis
1817 3374 2282 3507 siccioribus

227 3514 305 3576 et
362 3501 635 3580 colore
703 3505 1041 3580 obscure
1119 3492 1349 3578 viridi
1426 3504 1872 3615 insignibus
1950 3496 2281 3593 stratum

227 3614 537 3692 corticis
587 3619 937 3694 crassius
969 3630 1085 3692 est
1129 3618 1541 3719 magisque
1591 3645 1633 3695 a
1687 3620 1976 3723 diploe
1992 3604 2279 3711 discre-

223 3742 435 3816 tum,
454 3810 457 3813 ,
515 3731 601 3805 in
676 3730 1149 3808 succulentis
1211 3755 1399 3807 vero
1467 3729 1681 3808 soliis
1735 3750 1996 3812 cortex
2046 3726 2278 3835 saepe

225 3840 529 3945 deficit,
622 3860 757 3921 aut
827 3847 945 3920 in
1005 3843 1385 3920 alterutra
1445 3847 1761 3945 pagina,
1835 3849 1950 3923 uti
2026 3844 2078 3920 f.
2158 3852 2277 3923 27.

223 3971 356 4033 aut
403 3959 495 4033 in
541 3972 912 4061 utraque,
977 3955 1205 4059 quod
1264 3958 1348 4032 in
1398 3956 1612 4035 soliis
1664 3952 2276 4067 Cotyledonurn,

220 4060 770 4163 Crassularum
820 4087 956 4155 etc.
1009 4095 1326 4151 cernere
1374 4068 1570 4187 licet
