2843 4800
1114 344 1495 460 FoLlA.
2155 284 2332 418 eos

281 544 688 630 distantes,
746 542 860 627 ‚ita
923 558 1016 619 ut
1061 544 1467 621 interstitia
1516 546 1857 620 maxime
1909 543 2331 643 conspicua

280 660 464 745 sint,
514 657 893 758 peculiari
946 684 1175 760 saepe
1223 659 1492 735 colore
1527 660 1850 733 imbuta.
1951 659 2335 734 Observa·-

279 773 635 849 tionibus
717 797 949 873 saepe
1021 775 1366 875 repetitis
1443 773 1771 849 edoctus
1846 798 2059 859 sum,
2141 771 2337 855 haec

281 888 689 963 interstitia
756 911 925 961 non
994 912 1159 963 esse
1220 913 1396 963 vasa
1462 887 1882 988 peculiaria
1932 889 2138 962 inter
2189 886 2338 961 cel-

283 1001 485 1077 lulas
547 1002 931 1101 repentia,
994 1025 1139 1076 nec
1205 1026 1369 1076 esse
1436 1026 1621 1076 cum
1686 1000 1897 1077 foliis
1948 999 2340 1075 seminali-

283 1117 435 1191 bus
511 1141 653 1191 seu
715 1113 1216 1214 paraphylliis
1266 1122 1735 1193 Muscorum
1787 1114 2338 1216 comparanda.
2450 1158 2454 1161 ·

284 1233 378 1306 In
460 1229 791 1305 bracteis
887 1231 1346 1330 praesertim
1443 1231 1801 1306 scariosis
1877 1231 2338 1319 Iridearum,

287 1344 839 1419 Narcissorum
916 1359 1054 1419 etc.
1130 1344 1473 1419 similem
1545 1344 1781 1421 video
1847 1360 2341 1422 structuram.

294 1457 449 1533 Cfr.
522 1458 1049 1534 Hornschuch
1124 1463 1217 1533 N.
1291 1462 1454 1535 Act.
1515 1458 1749 1536 Acad.
1812 1465 1981 1536 Nat.
2035 1462 2341 1536 Curios.

293 1579 382 1647 T.
460 1576 573 1646 10.
652 1600 718 1672 p.
793 1576 959 1648 515.
1090 1576 1211 1648 De
1289 1573 1792 1674 paraphylliis
1871 1580 2343 1651 Muscorum

291 1713 359 1761 v.
411 1689 571 1761 123.
1555 1748 1560 1755 .

483 1802 713 1878 Nervi
765 1788 1259 1879 Muscorum'
1288 1826 1330 1876 e
1378 1801 1578 1876 vasis
1612 1800 1928 1878 fibrosis
1965 1817 2342 1878 constant.

295 1922 540 2018 Saepe
607 1917 708 1993 ad
774 1918 1079 2018 apicem
1138 1914 1311 1992 folii
1377 1941 1547 1991 non
1611 1931 2062 2004 excurrunt,
2115 1942 2346 2018 saepe

289 2059 474 2109 vero
556 2032 721 2108 duo
800 2032 1017 2107 nervi
1084 2031 1398 2117 adsunt,
1480 2030 1704 2131 quod
1773 2032 1858 2105 in
1909 2031 2133 2107 nullo
2189 2032 2343 2108 alio

289 2148 488 2225 folio
541 2147 715 2222 fieri
769 2146 986 2223 solet.
1084 2145 1305 2221 Folia
1356 2150 1827 2222 Muscorum
1893 2171 2345 2246 numquam

295 2264 775 2363 composita.
842 2285 988 2335 nec
1061 2261 1363 2361 partita.
1423 2274 1636 2347 sunt,
1724 2262 1829 2335 ob
1914 2284 2349 2337 nervorum

293 2377 735 2453 lateralium
789 2372 1207 2451 desectum.
1302 2445 1317 2454 ,

488 2491 1044 2591 Hepaticarum
1107 2487 1300 2566 folia
1363 2479 1841 2592 plerumque
1907 2493 2165 2566 nervis
2229 2517 2349 2568 ca·
2430 2477 2440 2491 ”

299 2619 507 2691 rent,
573 2618 649 2678 at
694 2601 927 2679 ,frons
990 2605 1210 2680 hisce
1274 2604 1649 2679 instructa
1705 2619 1835 2680 est.
1933 2605 2354 2683 Frondife-

298 2745 430 2796 rae
479 2717 850 2821 pyxidem
899 2717 1791 2819 gemmiferamK‘habent
1840 2720 2100 2817 (114).

299 2886 497 3020 12)).
636 2933 1227 3047 Paraphyllia
1323 2879 1557 3016 sunl:
1648 2940 1987 3049 partes
2080 2925 2352 3016 solia-

422 3099 694 3170 ceae.
810 3082 1313 3158 structura
1415 3065 1677 3155 soliis
1774 3065 2382 3187 simillimae.»

418 3239 743 3329 prope
806 3209 1024 3327 ipsa
1121 3210 1507 3327 positae
1618 3221 1715 3295 et
1820 3221 2054 3297 ante
2138 3208 2357 3327 ipsa

429 3352 900 3441 evolutae.

491 3522 616 3600 Ad
676 3520 1157 3625 paraphyllia
1219 3520 1684 3622 praesertim
1753 3521 2152 3620 pertinent
2209 3524 2357 3604 ‚sti-

293 3642 524 3740 pulae
584 3663 728 3713 seu
788 3652 1046 3739 partes
1106 3634 1481 3712 foliaceae
1542 3634 1748 3734 juxta
1813 3634 2004 3713 folia
2054 3637 2357 3737 positae

297 3753 422 3827 his
475 3752 952 3855 simillimae.
993 3765 1068 3827 at
1102 3739 1575 3851 plerumque
1599 3751 1982 3826 minores,
2064 3756 2357 3826 Forma

299 3868 505 3941 varia
560 3880 775 3952 sunt,
839 3867 956 3940 uti
1008 3863 1235 3953 folia,
1299 3865 1551 3939 rarius
1600 3867 1915 3967 partita,
1965 3864 2088 3937 vix
2140 3888 2359 3938 com-

299 3982 575 4081 posita,
625 3982 940 4082 petiolis
989 3980 1466 4081 plerumque
1518 3979 1872 4054 carentia.
1975 3978 2361 4054 Constant

302 4097 346 4172 e
396 4096 658 4171 nervis
711 4110 789 4171 et
837 4083 1360 4192 diachymate,
1409 4107 1797 4169 structura
1850 4117 1892 4167 a
1941 4090 2154 4168 foliis
2188 4118 2358 4168 non
