2843 4800
1154 317 1474 392 FLOS.
2187 318 2338 403 253

283 519 599 609 alterni,
676 519 1051 620 oppositi,
1128 492 1606 599 verticillatiss.
1684 519 1965 616 Vulgo,
2041 535 2119 597 at
2165 546 2333 602 non

280 638 531 724 bene,
595 634 995 733 thyrsule
1063 635 1474 735 oppositos
1541 631 1894 731 ejusdem
1945 635 2336 731 gemmifi·

284 749 619 836 cationis
669 749 775 833 in,
802 748 1143 833 Labiatis
1191 747 1429 855 flores
1479 747 1973 829 verticillatos
2005 765 2303 835 vocant,

287 942 493 1034 153.
616 942 1016 1028 Bractea
1082 951 1231 1039 est
1290 937 1649 1033 solium
1711 934 2094 1043 florale,
2169 938 2334 1059 pe?-

414 1078 904 1169 duneulos
981 1091 1152 1165 aut
1224 1106 1581 1166 eorum
1662 1107 2002 1168 ramos
2063 1078 2336 1199 pedi·

414 1218 837 1308 cellosve
908 1245 1024 1304 ex
1087 1215 1388 1305 axillis·
1431 1216 1919 1307 ‹emittens
1985 1249 2040 1308 a
2114 1220 2333 1309 reli-

416 1356 634 1475 quis
696 1355 956 1469 soliis
1020 1355 1353 1445 forma
1414 1355 1762 1446 mutila
1834 1386 2333 1480 saepeque

419 1497 758 1587 colore
826 1495 1429 1615 discrepans,

484 1660 874 1740 Linnaeus
941 1665 1335 1740 bracteam
1405 1690 1449 1738 a
1510 1664 1836 1766 reliquis
1871 1650 2113 1744 ¹foliis
2173 1671 2334 1772 pri-
2462 1734 2470 1744 .

287 1801 472 1854 mus
540 1779 777 1877 (Phil.
841 1780 1002 1856 bot.
1051 1783 1219 1854 201.
1237 1780 1270 1873 )
1326 1778 1675 1854 distinxit
1725 1794 1801 1855 et
1847 1780 2136 1857 folium
2179 1783 2333 1860 sso-

285 1893 446 1968 rale
499 1892 718 1981 dixit,
770 1916 956 1968 eum
1009 1893 1277 1969 colore
1320 1906 1405 1968 et
1453 1891 1706 1991 figura
1754 1893 2069 1971 recedat
2111 1922 2157 1974 a
2209 1922 2333 1973 ce·

284 2007 468 2082 teris
518 2007 857 2106 (Philos.
906 2009 1067 2084 bot.
1117 2009 1299 2102 84..)
1685 2070 1696 2085 .
2237 2030 2248 2045 ··

158 2138 161 2143 ·
471 2124 790 2197 Bractea
871 2121 1165 2197 folium
1248 2134 1363 2197 est
1434 2120 1911 2223 plerumque
1983 2122 2333 2201 diminu

280 2249 491 2323 tum,
567 2235 1157 2335 expetiolatum,
1262 2236 1770 2333 integratum,
1847 2237 2333 2328 obtusatum,

284 2349 759 2438 coloratum,
822 2350 870 2425 i.
937 2374 997 2425 e.
1068 2350 1220 2452 alio
1288 2350 1557 2427 colore
1609 2375 1850 2452 quam
1899 2350 2146 2428 viridi
2180 2353 2334 2428 tin·-

288 2463 539 2540 ctum.‘
638 2469 884 2565 Saepe
952 2465 1333 2540 scal-iosae
1401 2479 1537 2540 aut
1597 2479 1808 2540 totae
1869 2480 2005 2541 aut
2049 2469 2334 2566 margi-

285 2578 525 2654 nibus
585 2592 892 2653 tantum
953 2579 1474 2680 reperiuntur.
1572 2577 1985 2654 Interdum
2035 2582 2335 2658 acutio-

283 2714 410 2768 res
483 2704 668 2766 sunt
740 2705 815 2766 et
882 2692 1289 2767 interdum
1364 2692 1588 2793 spina
1668 2691 1905 2790 apicis
1978 2695 2335 2771 munitae

283 2804 676 2904 (sideritis
727 2806 1099 2907 spinosa),
1153 2820 1288 2881 aut
1333 2806 1711 2881 incisuras
1762 2793 2333 2905 profundidres

281 2919 606 3008 hahent,
655 2920 1059 2995 interdum
1111 2921 1194 2994 in
1246 2933 1445 2995 setas
1497 2931 1862 2995 exeuntes
1909 2920 2332 3016 (Dracoee-
2393 2948 2397 2952 ·

281 3033 613 3152 phalam
663 3034 1170 3130 Moldavica),
1238 3046 1374 3109 aut
1429 3030 1770 3130 majores
1835 3031 2049 3109 foliis
2101 3034 2331 3131 (Ori-

283 3170 574 3244 ganum
667 3148 1174 3241 Dictamnus)
1272 3171 1467 3248 quas
1547 3170 1833 3222 omnes
1908 3148 2332 3252 exqm‘sitas

154 3293 157 3294 ⁷
284 3259 634 3337 dixerim

473 3378 566 3450 In
629 3374 1028 3474 Vaginatis
1091 3375 1366 3475 vagina
1433 3372 1604 3451 folii
1655 3375 1988 3475 perstitit
2036 3390 2113 3451 et
2156 3375 2333 3454 bra

280 3498 534 3561 cteam
585 3485 874 3576 effecit,
927 3485 1171 3591 quam
1217 3491 1574 3591 spatham
1619 3503 1936 3578 vocant,
1982 3491 2328 3566 termino

280 3623 324 3675 a
369 3599 723 3676 Linnaeo
775 3604 1130 3703 primum
1178 3603 1488 3678 usitat0.
1569 3607 1671 3679 Et
1699 3605 1782 3679 in
1821 3603 1986 3680 aliis
2018 3603 2330 3680 bractea

276 3714 529 3811 magis
598 3713 824 3790 basin
890 3715 1062 3792 folii
1123 3713 1392 3804 refert,
1439 3741 1712 3818 ‘quam
1763 3720 2096 3820 apicem,
2173 3740 2331 3818 qua

276 3825 361 3900 in
409 3851 498 3903 re
550 3852 735 3903 cum
784 3830 1265 3927 tegminibus
1314 3827 1814 3928 gemmarum
1864 3830 2250 3911 convenit,

471 3944 538 4019 A
600 3940 816 4018 foliis
879 3944 1287 4019 interdum
1345 3942 1756 4020 difficilius
1835 3941 2330 4039 distinguunv·

275 4053 440 4144 tur,
504 4068 583 4131 et
642 4055 836 4133 folia
897 4058 982 4131 in
1042 4056 1250 4156 ipsas
1307 4069 1750 4146 transeunt,
1800 4055 1942 4133 sed
1989 4080 2160 4132 non
2207 4081 2328 4136 re-
