2843 4800
377 328 380 331 ’
505 307 705 388 186
1337 309 1716 387 rom‘A.

626 538 657 562 ··
695 506 963 594 Folia,⁴
991 507 1289 586 alterna
1369 507 1777 599 dicuntur,
1852 511 1916 587 si
1981 509 2322 588 unicum
2384 524 2556 588 tan-

500 639 676 702 tum
749 623 1041 700 solium
1113 624 1199 697 in
1242 625 1551 725 'quovis
1601 638 2009 723 segmento
2056 626 2555 703 transversali

501 738 743 815 caulis
793 737 929 815 aut
974 738 1177 814 rami
1200 735 1581 840 ⁴positum
1631 752 1778 828 est,
1827 735 2018 816 folia
2070 741 2430 841 opposita,
2482 739 2551 816 si
2637 791 2646 799 -

503 852 681 929 duo·
746 852 834 927 in
908 851 1200 930 eodem
1266 849 1694 951 segmento
1741 853 2230 930 transversali
2298 853 2555 956 posita

502 979 688 1042 sunt
748 980 826 1043 et
889 965 1291 1064 singulum
1358 966 1688 1069 quidem
1735 967 1822 1042 in
1867 967 2207 1070 utraque
2260 967 2555 1043 diame-

498 1080 600 1155 tri
684 1080 1161 1157 extremitate
1175 1140 1196 1170 ,
1275 1079 1469 1159 folia
1532 1083 1986 1168 oertz'cillata,
2062 1081 2130 1158 si
2190 1080 2419 1183 plura
2464 1080 2554 1156 in

502 1193 794 1271 eodem
843 1209 1250 1293 segmento
1282 1195 1796 1284 transversali,
1831 1211 1909 1272 et
1940 1194 2267 1297 quidem
2309 1201 2555 1284 terna,

501 1323 915 1411 quaterna,
978 1310 1223 1411 quina
1285 1324 1420 1388 etc.
1518 1308 1760 1388 Folia·
1790 1309 2052 1412 sparsa
2104 1333 2273 1387 non
2321 1309 2555 1386 verti-‘-

503 1421 753 1501 cillata
806 1436 1010 1500 sunt.
2351 1455 2354 1458 ·

673 1535 918 1616 ‘Folia
983 1537 1276 1615 alterna
1340 1531 1821 1615 e'onsiderari
1872 1562 2105 1641 posse
2154 1537 2271 1613 uti
2321 1537 2552 1613 verti-

488 1651 750 1731 'cillata
825 1652 1129 1730 dimota
1201 1650 1360 1751 jam
1435 1679 1673 1755 supra
1754 1651 2372 1755 comprobatum
2441 1662 2557 1726 est

501 1769 712 1867 (36).
830 1767 988 1846 Cfr.
1051 1781 1128 1844 et
1187 1771 1505 1849 Bonnet
1559 1767 1987 1845 Recherch.
2039 1792 2095 1843 s.
2143 1766 2427 1863 l’usage
2477 1762 2552 1839 d.
2609 1792 2612 1796 ⁷

366 1965 377 1968 ,
497 1880 808 1960 feuilles
867 1887 1105 1959 Mem.
1165 1886 1237 1958 3.
1354 1881 1438 1958 Si
1485 1903 1674 1958 vero
1727 1880 1917 1958 folia
1965 1881 2318 1980 vaginata
2369 1892 2557 1964 sunt

497 2009 634 2072 aut
678 1996 1072 2097 petiolum
1102 1994 1401 2072 habent
1429 2010 1693 2073 totum
1730 1995 2040 2072 caulem
2079 1993 2554 2097 amplecten-

492 2123 695 2198 tem,
755 2110 951 2186 situs
1008 2108 1506 2187 verticillatus
1565 2111 2079 2209 imaginarius
2146 2107 2553 2186 dicendus,

497 2226 731 2300 Tunc
804 2218 1136 2326 quoque
1206 2222 1476 2301 nodus
1547 2224 1852 2323 integer
1926 2239 2042 2302 est
2104 2239 2180 2301 et
2241 2222 2553 2312 clausus

497 2338 709 2438 (95).
819 2338 1252 2416 Alternatio
1302 2363 1492 2417 vero
1546 2354 1622 2417 et
1670 2341 1752 2416 in
1804 2340 1930 2418 his
1978 2339 2259 2442 utique
2312 2336 2552 2424 adest,

362 2504 365 2507 -
493 2455 597 2530 ita
671 2468 766 2530 ut
821 2453 1013 2531 folia
1079 2456 1414 2532 trzktc'eha
1473 2456 1665 2543 sint,
1746 2457 1833 2531 in
1894 2456 2151 2532 tribus
2200 2452 2552 2530 seriebus

493 2568 1208 2667 longitudinalibus
1280 2571 1570 2671 posita,
1645 2570 1881 2647 tertio
1959 2570 2255 2646 scilicet
2310 2571 2551 2668 supra

493 2684 852 2786 primum
919 2686 1369 2762 constituto.
1480 2685 1701 2763 Folia
1752 2687 2082 2764 disticha
2129 2708 2271 2760 seu
2321 2679 2555 2756 serie-

493 2799 648 2874 bus
712 2797 1033 2876 duobus
1095 2798 1813 2897 longitudinalibus
1878 2814 1958 2876 et
2023 2796 2357 2899 quidem
2411 2820 2554 2894 op-

494 2913 774 3013 positis
850 2912 1258 2991 distributa
1335 2916 1656 2992 nonnisi
1732 2940 1776 2990 e
1862 2911 2107 2988 caulis
2189 2906 2553 2984 torsione
2612 2922 2626 2927 ”

496 3028 885 3105 oriuntur.
1010 3026 1233 3104 Folia
1317 3031 1629 3132 spir-alia
1698 3026 1979 3103 itidem
2059 3048 2104 3100 e
2189 3019 2552 3098 torsione

494 3142 739 3218 caulis
804 3141 997 3218 oriri
1058 3141 1333 3219 solent.
1447 3142 1669 3219 Folia
1722 3139 2195 3243 pentasticha
2245 3160 2336 3213 ea
2384 3134 2552 3237 ple·
2630 3136 2638 3149 '

493 3280 842 3357 rumque
912 3254 1125 3332 folia·
1180 3256 1470 3332 alterna
1523 3247 1754 3343 sunt,
1828 3277 2035 3358 quae
2106 3277 2252 3356 per
2300 3249 2550 3326 lineas

498 3370 938 3446 eminentes
985 3370 1073 3444 in
1123 3368 1343 3446 caule
1393 3366 1897 3445 decurrentes
1948 3367 2267 3449 admota
2302 3364 2549 3441 situm

497 3472 1046 3560 verticillatuni
1122 3508 1421 3573 Jverum
1521 3483 1918 3572 exhibent,
2012 3507 2160 3559 nec
2238 3492 2551 3556 tantum

501 3599 1083 3697 imaginarium.

689 3713 914 3790 Folia
963 3714 1302 3814 opposita
1351 3725 1486 3788 aut
1532 3736 1714 3789 vere
1765 3712 2128 3813 opposita
2178 3722 2394 3796 sunt,
2442 3707 2551 3783 ita

497 3843 589 3904 ut
661 3827 936 3929 petioli
1001 3851 1168 3902 sese
1243 3827 1731 3925 contingant,
1798 3839 1933 3903 aut
1987 3825 2342 3901 minime.
2454 3823 2552 3898 In
2650 3846 2678 3935 ⁸·

499 3940 653 4017 illis
719 3941 983 4017 nodus
1037 3934 1375 4028 clausuS,
1443 3940 1528 4015 in
1575 3941 1700 4017 his
1748 3932 2064 4041 pervius
2116 3960 2284 4015 esse
2332 3934 2550 4013 solet.

498 4055 720 4132 Folia
771 4058 1176 4135 decussata*
1220 4055 1582 4156 opposita
1630 4054 2069 4131 tetrasticha
2121 4054 2515 4131 dicuntur.
