2843 4800
457 323 606 397 200
1297 321 1669 399 FOLIA.

653 524 830 595 Huc
910 516 1321 594 referenda
1403 517 1953 620 multiplicatio
2036 515 2515 594 foliolorum

464 635 551 709 in
599 633 817 710 foliis
862 635 1326 735 compositis
1374 635 1645 709 minus
1695 631 2097 719 naturalis,
2162 657 2223 706 e.
2275 654 2340 729 g.
2394 629 2517 715 fo-

466 748 846 825 liolorum
899 749 985 822 in
1021 748 1361 837 Trifolio
1413 774 1768 850 quorum
1817 762 2116 848 septem
2154 747 2515 823 observa-

404 955 408 959 <
464 865 574 939 vit
631 869 861 961 Jz‘iger
923 865 1164 963 (Ueb.
1223 861 1843 960 Missbildungen
1897 862 2039 937 der
2090 861 2516 938 Gevvachse

460 1006 535 1079 p.
583 983 698 1054 35.
724 979 777 1075 ).
2142 1042 2147 1049 .

559 1166 567 1177 ,
658 1044 1151 1168 Divisionem
1214 1090 1685 1193 impeditam
1745 1092 1831 1166 in
1897 1089 2108 1168 foliis
2185 1116 2515 1193 compo-

466 1208 631 1285 sitis
679 1207 1072 1294 videmUS,
1122 1208 1227 1283 ita
1277 1221 1369 1282 ut
1414 1207 1642 1324 plura
1692 1205 1967 1282 foliola
2021 1221 2355 1282 connata
2403 1208 2534 1282 vi·

466 1320 832 1411 deantur,
899 1347 1250 1423 quorum
1314 1310 1664 1422 exempla
1727 1324 2139 1402 Bonnetus
2216 1348 2515 1422 propo-

465 1437 624 1511 suit
703 1436 1176 1533 (Recherch.
1253 1462 1390 1547 sur
1465 1436 1746 1532 l'usage
1812 1435 1883 1510 d.
1951 1434 2191 1511 feuill.
2251 1439 2546 1527 :1224-

461 1547 510 1625 f.
564 1551 869 1646 1--9.).

655 1665 1278 1753 Ploliferationis
1341 1667 1790 1771 exemplum
1856 1663 2205 1742 notabile
2269 1666 2513 1769 habes

462 1777 677 1880 apud
745 1780 1095 1857 eundem
1155 1787 1611 1879 Bonnetum
1673 1785 1814 1881 (T.
1877 1784 1993 1856 25.
2061 1779 2109 1854 f.
2180 1782 2352 1877 1.),
2390 1781 2513 1857 fo-

407 1892 665 1968 lium
743 1895 1032 1971 scilicet
1107 1898 1497 1972 Brassicae
1575 1896 1969 1972 oleraceae
2044 1894 2510 1973 fasciculum

460 2005 850 2085 foliorum
898 2011 1197 2111 petiolo
1249 2008 1771 2086 insidentium
1821 2006 2256 2110 proferens.

658 2124 1089 2222 Singula1is
1158 2140 1273 2200 est
1343 2125 1514 2202 folii
1566 2125 2030 2246 geminatio,
2108 2150 2352 2226 quam
2399 2130 2517 2202 Ia-

462 2260 600 2335 ger
650 2255 1002 2315 accurate
1055 2239 1465 2342 descripsit
1513 2232 1636 2336 (1.
1645 2264 1704 2312 c.
1739 2266 1818 2339 p.
1846 2243 1960 2316 38.
1994 2253 2044 2313 t.
2083 2245 2146 2313 1·.
2182 2238 2231 2314 f.
2270 2240 2513 2336 1—3.)

459 2351 648 2432 folia
700 2355 987 2436 sistens.
1029 2380 1271 2432 nervo
1323 2353 1702 2456 primario
1738 2354 1842 2429 ita
1894 2353 2117 2454 quasi
2159 2371 2513 2444 connata,

461 2481 554 2544 ut
600 2471 943 2569 paginae}
978 2471 1425 2573 superiores
1475 2470 1623 2550 sibi
1678 2470 2088 2569 oppositae
2137 2469 2450 2545 fuerint.
2494 2563 2500 2570 .

655 2584 877 2659 Folia
930 2586 1176 2686 crispa
1231 2584 1421 2684 oriri
1454 2583 1842 2671 videntur,
1878 2575 2063 2664 cum
2101 2584 2515 2682 diachyma

460 2722 731 2788 versus
778 2700 1221 2797 marginem
1270 2699 1511 2773 nimis
1564 2714 1911 2797 augetur.
2008 2701 2310 2780 Haecce
2350 2724 2517 2778 me-

459 2813 996 2914 tamorphosis
1061 2828 1177 2888 sat
1248 2812 1623 2913 frequens
1700 2828 1846 2900 est,
1924 2826 2001 2888 et
2071 2814 2514 2888 seminibus

456 2925 684 3002 facile
742 2942 1238 3029 propagatur.
1346 2929 1755 3008 Habemus
1815 2928 2109 3026 Apium
2158 2924 2528 3000 Petrose-'

371 3121 379 3146 ι.
459 3041 721 3122 linum
774 3041 1156 3143 crispum,
1209 3043 1569 3143 aliaque0
1643 3051 1652 3060 ’
2026 3097 2032 3106 «
2597 3131 2606 3142 x

521 3237 526 3242 ,
650 3158 974 3237 Folium
1048 3155 1443 3236 bullatum
1512 3180 1553 3231 e
1631 3152 1848 3227 disco
1927 3165 2157 3227 aucto
2237 3153 2511 3242 oritur,

458 3270 812 3366 margine
894 3294 1064 3344 non
1145 3281 1481 3349 mutato.
1605 3271 1698 3344 In
1785 3268 2093 3363 Ocymo
2176 3270 2509 3350 Basilico

457 3383 773 3468 bullato
816 3384 1174 3460 occurrit.
1288 3429 1295 3440 ,
1845 3479 1846 3482 Ἴ

652 3497 1198 3594 Phyllomania
1266 3506 1401 3570 aut
1465 3508 1580 3571 est
1642 3495 2068 3597 productio
2120 3496 2509 3575 foliorum

463 3611 548 3690 in
580 3611 761 3688 loco
813 3611 1137 3685 insolito
1191 3612 1463 3709 (Iager
1509 3610 1555 3684 l.
1611 3621 1682 3686 c.
1716 3639 1790 3714 p.
1840 3613 2026 3708 25.),
2080 3627 2215 3691 aut
2264 3614 2510 3692 nimia

464 3727 709 3828 copia.
805 3727 1021 3807 Haec
1065 3724 1146 3798 in
1201 3725 1617 3802 arboribus
1682 3726 2108 3816 fructiferis
2157 3727 2511 3804 'accidere

460 3841 664 3918 solet
728 3854 804 3917 et
861 3838 1281 3928 fructuum,
1331 3855 1812 3941 proventum
1860 3843 2511 3939 minuit‚(Adan-·,
2559 3911 2564 3916 ,

455 3978 614 4044 son
661 3956 966 4036 Pamin.
1018 3954 1089 4030 d.
1138 3955 1376 4057 plant.
1430 3959 1517 4030 T.
1571 3960 1634 4030 1.
1685 3982 1757 4056 p.
1808 3957 1996 4053 49.).

651 4070 1135 4154 Anthozusia
1203 4084 1319 4154 est.
1382 4093 1588 4153 cum‘
1633 4063 1825 4152 folia
1886 4070 2246 4169 indolem
2296 4086 2510 4174 peta-
