2843 4800
496 351 673 425 214²
1256 340 1330 424 G'
1343 351 1408 423 E
1425 353 1610 425 MM
1628 352 1707 424 A.

502 546 737 648 pulis·
781 544 1143 621 'distincta
1190 559 1395 622 ‹su-nt
1457 543 1687 631 folia,
1738 544 2239 645 complicatio
2290 545 2547 623 mino·

504 661 610 736 ris
657 660 973 736 videtur
1018 659 1436 736 momenti.

695 776 916 864 Folia
989 789 1333 888 juniora³
1389 802 1813 888 antequam
1897 787 2265 889 explicata
2346 802 2554 876 sunt,

507 890 958 1004 saepissime
1031 905 1375 1007 apposita
1433 902 1982 1002 reperiuntur,
2067 901 2171 976 ita
2235 915 2332 976 ut·
2387 926 2568 1003 sese·

509 1041 677 1091 non
728 1016 1313 1117 amplectantur,
1358 1040 1506 1090 nec
1538 1014 2029 1112 marginibus
2062 1014 2209 1089 sibi
2247 1038 2555 1088 accum-

508 1131 759 1222 haut.-
815 1133 922 1209 In
984 1153 1302 1228 gemma
1351 1143 1613 1229 aperta
1661 1127 1820 1203 hoc
1868 1125 2062 1211 fere
2082 1150 2396 1228 semper
2420 1127 2565 1225 1οἾ

513 1268 701 1334 cum
725 1242 1023 1347 hahet..
1086 1242 1246 1319 Sed
1295 1267 1464 1351 non
1510 1232 1829 1317 solum
1808 1264 1891 1314 m
1926 1263 2238 1353 gemma
2278 1253 2559 1369 aperta,

516 1336 701 1432 sed
710 1355 874 1458 quo
890 1352 1047 1457 que
1074 1330 1365 1469 clausa
1408 1369 1487 1433 et
1534 1352 1894 1465 quidem
1920 1367 2116 1429 tecta
2176 1351 2263 1428 id
2325 1353 2560 1469 inter-

516 1469 716 1629 dum
765 1469 941 1546 fieri
978 1452 1208 1545 solet.
1276 1486 1279 1487 *
2421 1504 2424 1507 2

639 1602 797 1676 In
842 1598 1333 1701 quibusdam-
1378 1596 1571 1676 folia
1603 1618 1773 1674 non
1809 1595 2175 1697 explicata
2208 1611 2564 1698 separata

516 1702 1241 1815 deprehenduntur.
1338 1717 1513 1790 Hoc
1562 1732 1746 1787 non·
1779 1710 2053 1785 locum
2101 1708 2358 1799 habet,
2406 1711 2559 1786 nisi

509 1825 614 1902 in
650 1828 984 1933 gemmis
1031 1828 1285 1917 tectiS,⁵
1326 1827 1470 1902 ubi
1515 1824 1710 1902 folia
1760 1823 1990 1898 variis
2037 1823 2306 1899 modis
2371 1849 2562 1898 con-

513 1924 793 2017 voluta
832 1941 1033 2016 intra
1085 1952 1479 2036 tegmenta
1531 1937 2014 2039 stipulasque
2061 1937 2314 2038 posita
2376 1939 2572 2067 sunt‘

500 2054 801 2215 harum
856 2078 1009 2154 ope
1059 2067 1485 2150 segregata,
1537 2076 1599 2128 e.
1648 2075 1716 2149 g
1764 2051 1851 2127 in
1906 2051 2218 2148 Corylo.

634 2180 811 2257 Ι’1)
851 2181 1497 2278 Dicotyledoneis
1535 2180 1739 2256 folia
1788 2177 2101 2278 juniora
2150 2204 2317 2256 sese
2358 2203 2564 2256 mar-

518 2219 845 2392 8111113118
895 2294 1411 2392 contingunt,
1485 2292 1677 2370 folia
1752 2293 2267 2372 accumbentia
2340 2294 2563 2383 dicta,

523 2413 689 2487 dut
729 2421 897 2484 sese
924 2408 1562 2518 amplectuntur,
1627 2410 1735 2485 ita
1782 2424 1876 2486 ut
1924 2386 2258 2485 alterum
2311 2410 2405 2484 ab
2460 2409 2566 2485 31-

521 2533 719 2598 tero
736 2513 1136 2621 utrinqne
1197 2524 1551 2621 margine
1603 2524 2172 2624 complectatur
2218 2521 2267 2598 f.
2324 2525 2563 2600 valva-

520 2643 670 2722 ῥέα,
727 2649 860 2711 aut
909 2660 1076 2711 sese
1127 2635 1738 2737 amplectuntur,
1787 2640 1893 2715 ita
1942 2654 2032 2715 ut
2066 2638 2264 2713 alter
2285 2661 2562 2736 margo

520 2743 867 2845 tegatur,
920 2749 1112 2825 alter
1157 2764 1421 2848 tegat,
1448 2766 1769 2854 excepto
1824 2754 2112 2890 extimo
2166 2764 2242 2824 et
2278 2751 2564 2825 intimo

383 2958 388 2964 ἡ
524 2863 608 2936 in
661 2863 856 2939 orbe
903 2862 1137 2952 folio,
1185 2863 1237 2940 1.
1287 2864 1695 2956 imbricata.

706 2994 831 3073 In
869 2991 1577 3094 Monocyledoneis
1643 3007 1779 3070 aut
1834 2993 2314 3067 comolutata
2361 2992 2566 3079 sunt,

527 3116 662 3179 aut
718 3106 1183 3221 equitantz’q,
1251 3122 1328 3182 et
1391 3105 1733 3235 quidem
1782 3092 1898 3180 uti
1965 3103 2357 3180 Linnaeus
2405 3102 2562 3203 jam

531 3216 896 3332 distinxit,
948 3207 1372 3336 equitantia
1425 3218 1788 3320 ancipitia
1841 3232 1917 3296 et
1964 3203 2385 3322 equitantia
2435 3219 2567 3294 tri-
2631 3274 2637 3279 -
2733 3243 2736 3246 ·

530 3321 835 3442 quara,
914 3343 1006 3413 ut
1069 3331 1154 3407 in
1224 3330 1733 3407 Graminibus
1799 3345 1876 3409 et
1936 3334 2393 3434 Cyperaceis
2457 3332 2565 3406 vi-

530 3433 721 3519 dere
764 3437 965 3519 licet,
1078 3443 1081 3448 ’

680 3576 1152 3670 Tegmenta
1216 3571 1332 3647 uti
1393 3570 1583 3650 folia
1644 3575 1811 3678 ipsa
1873 3578 2019 3653 sibi
2071 3578 2568 3662 accumbunt,

410 3701 434 3729 ⁸
534 3699 667 3762 aut
714 3684 1073 3791 vaivacea
1113 3702 1328 3776 sunt,
1378 3702 1514 3766 aut
1558 3681 1989 3767 imbricata.

537 3913 735 4003 130.
864 3910 1488 4027 Gemnuficatzo
1547 3941 1601 4000 s
1610 3941 1733 4002 eu
1793 3914 2355 4029 Ramfficatio
2403 3922 2572 3998 aut

654 4053 1082 4167 ‚completa
1122 4063 1314 4141 ‘est
1395 4063 1567 4141 aut
1644 4057 2196 4170 incompleta,
2280 4056 2572 4139 solita-
