2843 4800
1012 364 1526 460 QUALITA
1548 357 1625 442 S.
1665 362 1670 366 ’
2195 362 2344 440 375

486 566 554 642 E
637 585 920 663 sapore
1000 575 1081 638 et
1150 559 1405 640 odore
1477 560 1800 654 virtutes
1881 558 2342 660 dignoscere

281 676 775 754 studuerunt
845 675 1135 752 Medici
1201 690 1278 751 et
1334 675 1421 750 in
1487 675 1760 751 multis
1823 698 2010 750 sane
2059 700 2341 752 conve-

279 792 545 867 niunt.
653 794 755 872 At
814 813 1029 906 cum.
1065 789 1263 865 actio
1331 790 1418 864 in
1495 812 1851 887 organon
1926 788 2339 888 singulare,

278 929 459 982 non
535 926 849 1004 semper
910 927 1097 979 cum
1163 902 1475 979 actione
1536 903 1623 978 in
1683 915 1946 976 totum
2005 918 2337 1001 systema

279 1017 737 1107 conveniat,
817 1018 1134 1116 regulae
1181 1016 1352 1096 sine
1399 1012 1855 1118 exceptione
1917 1038 2086 1092 non
2135 1029 2337 1104 sunt.

275 1131 754 1208 Arsenicum
813 1127 1341 1207 fortissimum
1401 1139 1837 1217 venenum,
1900 1128 2337 1231 insipidum

280 1257 409 1320 est
456 1256 534 1318 et
576 1243 1038 1321 inodorum.

484 1357 864 1433 Colorem
946 1371 1131 1433 cum
1213 1381 1495 1460 sapore
1580 1370 1659 1434 et
1734 1356 1924 1432 hinc
2007 1381 2334 1476 quoque

281 1495 480 1547 cum
558 1471 839 1547 virtute
898 1469 1207 1549 medica
1275 1469 1697 1549 'convenire
1757 1471 2150 1551 Linnaeus
2199 1496 2334 1548 au-

283 1599 466 1661 ctor
538 1599 669 1660 est.
787 1586 888 1662 At
956 1585 1442 1688 principium
1515 1584 1880 1663 colorans
1946 1611 1989 1662 a
2043 1585 2330 1688 sapido

281 1694 535 1773 nimis
580 1696 824 1773 distat.
922 1702 1256 1777 Fructus
1302 1699 1548 1787 rubri,
1598 1722 1805 1800 quos
1837 1696 2104 1784 acidos
2146 1725 2333 1801 pro-

280 1811 637 1899 nuntiat,
701 1812 1152 1913 saepissime
1212 1812 1538 1914 insipidi
1589 1826 1805 1901 sunt,
1869 1836 1931 1889 e
1979 1834 2046 1911 g
2094 1812 2332 1888 Loni-

277 1945 544 2013 cerae,
615 1910 836 2003 Ribis
911 1926 1190 2027 alpini,
1264 1927 1537 2005 Solani
1618 1940 1757 2001 etc.
1893 1930 2058 2002 Nec
2123 1923 2334 2038 odor

276 2064 475 2119 cum
538 2038 808 2116 colore
869 2041 1253 2117 convenit.
1367 2037 1686 2119 Odores
1751 2062 1898 2115 nec
1963 2060 2151 2114 cum
2213 2060 2331 2114 sa-

275 2176 521 2255 pore,
618 2178 769 2231 nec
864 2180 1050 2234 cum
1135 2155 1404 2234 colore
1486 2154 1909 2233 convenire
1987 2166 2106 2230 sat
2181 2175 2330 2230 no-

272 2283 463 2345 tum
514 2282 645 2343 est.
