<?xml version="1.0" encoding="UTF-8"?>
<!DOCTYPE html PUBLIC "-//W3C//DTD XHTML 1.0 Transitional//EN"
    "http://www.w3.org/TR/xhtml1/DTD/xhtml1-transitional.dtd">
<html xmlns="http://www.w3.org/1999/xhtml" xml:lang="en" lang="en">
 <head>
  <title>
</title>
<meta http-equiv="Content-Type" content="text/html;charset=utf-8" />
  <meta name='ocr-system' content='tesseract 3.04.00' />
  <meta name='ocr-capabilities' content='ocr_page ocr_carea ocr_par ocr_line ocrx_word'/>
</head>
<body>
  <div class='ocr_page' id='page_1' title='image "./elementaphiloso01linkgoog_0292.png"; bbox 0 0 2843 4800; ppageno 0'>
   <div class='ocr_carea' id='block_1_1' title="bbox 518 294 1703 392">
    <p class='ocr_par' dir='ltr' id='par_1_1' title="bbox 518 278 1703 392">
     <span class='ocr_line' id='line_1_1' title="bbox 518 294 1703 392; baseline -0.006 0"><span class='ocrx_word' id='word_1_1' title='bbox 518 318 666 392; x_wconf 78' lang='lat'>284</span> <span class='ocrx_word' id='word_1_2' title='bbox 1290 294 1298 301; x_wconf 82' lang='grc'><strong><em>’</em></strong></span> <span class='ocrx_word' id='word_1_3' title='bbox 1385 312 1609 389; x_wconf 74' lang='lat' dir='ltr'>rLo</span> <span class='ocrx_word' id='word_1_4' title='bbox 1631 314 1703 388; x_wconf 80' lang='lat' dir='ltr'>s,</span> 
     </span>
    </p>
   </div>
   <div class='ocr_carea' id='block_1_2' title="bbox 454 484 2569 4157">
    <p class='ocr_par' dir='ltr' id='par_1_2' title="bbox 512 484 2569 1072">
     <span class='ocr_line' id='line_1_2' title="bbox 709 484 2568 596; baseline -0.003 -4"><span class='ocrx_word' id='word_1_5' title='bbox 709 513 1071 592; x_wconf 87' lang='lat' dir='ltr'>Nectaria</span> <span class='ocrx_word' id='word_1_6' title='bbox 1155 511 1461 587; x_wconf 78' lang='lat' dir='ltr'>vocavit</span> <span class='ocrx_word' id='word_1_7' title='bbox 1545 484 1972 596; x_wconf 71' lang='lat' dir='ltr'>LinnanS,</span> <span class='ocrx_word' id='word_1_8' title='bbox 2056 508 2197 585; x_wconf 88' lang='lat' dir='ltr'>sed</span> <span class='ocrx_word' id='word_1_9' title='bbox 2278 509 2568 586; x_wconf 87' lang='lat' dir='ltr'>multas</span> 
     </span>
     <span class='ocr_line' id='line_1_3' title="bbox 518 622 2568 730; baseline -0.003 -22"><span class='ocrx_word' id='word_1_10' title='bbox 518 631 703 708; x_wconf 82' lang='lat' dir='ltr'>alias</span> <span class='ocrx_word' id='word_1_11' title='bbox 764 643 1050 730; x_wconf 90' lang='lat' dir='ltr'>partes,</span> <span class='ocrx_word' id='word_1_12' title='bbox 1114 626 1623 727; x_wconf 89' lang='lat' dir='ltr'>partiumque</span> <span class='ocrx_word' id='word_1_13' title='bbox 1693 622 2162 724; x_wconf 81' lang='lat' dir='ltr'><strong>appendices</strong></span> <span class='ocrx_word' id='word_1_14' title='bbox 2232 640 2307 701; x_wconf 91' lang='lat' dir='ltr'>et</span> <span class='ocrx_word' id='word_1_15' title='bbox 2391 651 2568 701; x_wconf 88' lang='lat' dir='ltr'>ana·-</span> 
     </span>
     <span class='ocr_line' id='line_1_4' title="bbox 514 737 2566 844; baseline -0.002 -25"><span class='ocrx_word' id='word_1_16' title='bbox 514 744 992 844; x_wconf 89' lang='lat' dir='ltr'>morphoses</span> <span class='ocrx_word' id='word_1_17' title='bbox 1064 742 1225 816; x_wconf 90' lang='lat' dir='ltr'>huc</span> <span class='ocrx_word' id='word_1_18' title='bbox 1300 740 1575 814; x_wconf 74' lang='lat' dir='ltr'>retulit</span> <span class='ocrx_word' id='word_1_19' title='bbox 1649 753 1870 813; x_wconf 88' lang='lat' dir='ltr'>caute</span> <span class='ocrx_word' id='word_1_20' title='bbox 1955 737 2566 836; x_wconf 84' lang='lat' dir='ltr'>distinguendas.</span> 
     </span>
     <span class='ocr_line' id='line_1_5' title="bbox 513 852 2569 952; baseline -0.002 -17"><span class='ocrx_word' id='word_1_21' title='bbox 513 864 805 935; x_wconf 83' lang='lat' dir='ltr'><strong>Veram</strong></span> <span class='ocrx_word' id='word_1_22' title='bbox 858 857 1172 930; x_wconf 90' lang='lat' dir='ltr'>nectarii</span> <span class='ocrx_word' id='word_1_23' title='bbox 1228 854 1646 928; x_wconf 89' lang='lat' dir='ltr'>notionem</span> <span class='ocrx_word' id='word_1_24' title='bbox 1698 852 1918 928; x_wconf 83' lang='lat' dir='ltr'><strong>dedit</strong></span> <span class='ocrx_word' id='word_1_25' title='bbox 1982 854 2290 930; x_wconf 88' lang='lat' dir='ltr'>Goethe</span> <span class='ocrx_word' id='word_1_26' title='bbox 2357 856 2569 952; x_wconf 92' lang='lat' dir='ltr'>(Zur</span> 
     </span>
     <span class='ocr_line' id='line_1_6' title="bbox 512 967 1453 1072; baseline -0.011 -21"><span class='ocrx_word' id='word_1_27' title='bbox 512 970 1094 1072; x_wconf 85' lang='lat' dir='ltr'>Morphologie.</span> <span class='ocrx_word' id='word_1_28' title='bbox 1147 994 1218 1068; x_wconf 91' lang='lat' dir='ltr'>p.</span> <span class='ocrx_word' id='word_1_29' title='bbox 1267 967 1453 1063; x_wconf 77' lang='lat'><strong>25).</strong></span> 
     </span>
    </p>

    <p class='ocr_par' dir='ltr' id='par_1_3' title="bbox 460 1046 2565 1646">
     <span class='ocr_line' id='line_1_7' title="bbox 707 1046 2564 1171; baseline -0.002 -11"><span class='ocrx_word' id='word_1_30' title='bbox 707 1090 869 1160; x_wconf 90' lang='lat' dir='ltr'>Pet</span> <span class='ocrx_word' id='word_1_31' title='bbox 871 1084 989 1159; x_wconf 67' lang='lat' dir='ltr'>ihs</span> <span class='ocrx_word' id='word_1_32' title='bbox 1041 1080 1320 1156; x_wconf 82' lang='lat' dir='ltr'>similia</span> <span class='ocrx_word' id='word_1_33' title='bbox 1375 1095 1576 1167; x_wconf 89' lang='lat' dir='ltr'>sunt,</span> <span class='ocrx_word' id='word_1_34' title='bbox 1627 1081 1729 1156; x_wconf 89' lang='lat' dir='ltr'>ita</span> <span class='ocrx_word' id='word_1_35' title='bbox 1780 1096 1870 1156; x_wconf 89' lang='lat' dir='ltr'>ut</span> <span class='ocrx_word' id='word_1_36' title='bbox 1922 1046 2288 1157; x_wconf 80' lang='lat' dir='ltr'>dubitare</span> <span class='ocrx_word' id='word_1_37' title='bbox 2321 1081 2564 1171; x_wconf 85' lang='lat' dir='ltr'>liceat,</span> 
     </span>
     <span class='ocr_line' id='line_1_8' title="bbox 515 1193 2564 1282; baseline -0 -8"><span class='ocrx_word' id='word_1_38' title='bbox 515 1225 616 1275; x_wconf 87' lang='lat' dir='ltr'>an</span> <span class='ocrx_word' id='word_1_39' title='bbox 683 1198 781 1273; x_wconf 91' lang='lat' dir='ltr'>ad</span> <span class='ocrx_word' id='word_1_40' title='bbox 852 1194 1233 1271; x_wconf 88' lang='lat' dir='ltr'>corollam</span> <span class='ocrx_word' id='word_1_41' title='bbox 1297 1193 1708 1269; x_wconf 84' lang='lat' dir='ltr'>referenda</span> <span class='ocrx_word' id='word_1_42' title='bbox 1772 1196 1953 1282; x_wconf 90' lang='lat' dir='ltr'>sint,</span> <span class='ocrx_word' id='word_1_43' title='bbox 2019 1221 2164 1271; x_wconf 89' lang='lat' dir='ltr'>nec</span> <span class='ocrx_word' id='word_1_44' title='bbox 2215 1222 2335 1272; x_wconf 90' lang='lat' dir='ltr'>ne.</span> <span class='ocrx_word' id='word_1_45' title='bbox 2439 1199 2564 1273; x_wconf 90' lang='lat' dir='ltr'>Sic</span> 
     </span>
     <span class='ocr_line' id='line_1_9' title="bbox 511 1304 2565 1414; baseline -0.001 -25"><span class='ocrx_word' id='word_1_46' title='bbox 511 1316 599 1389; x_wconf 91' lang='lat' dir='ltr'>in</span> <span class='ocrx_word' id='word_1_47' title='bbox 647 1311 1076 1414; x_wconf 88' lang='lat' dir='ltr'>Delphinio</span> <span class='ocrx_word' id='word_1_48' title='bbox 1131 1335 1297 1385; x_wconf 90' lang='lat' dir='ltr'>non</span> <span class='ocrx_word' id='word_1_49' title='bbox 1351 1304 1516 1383; x_wconf 64' lang='lat' dir='ltr'>nisi‘</span> <span class='ocrx_word' id='word_1_50' title='bbox 1555 1310 1658 1384; x_wconf 92' lang='lat' dir='ltr'>ob</span> <span class='ocrx_word' id='word_1_51' title='bbox 1713 1309 2158 1407; x_wconf 81' lang='lat' dir='ltr'>analogiam</span> <span class='ocrx_word' id='word_1_52' title='bbox 2210 1336 2397 1386; x_wconf 91' lang='lat' dir='ltr'>cum</span> <span class='ocrx_word' id='word_1_53' title='bbox 2437 1320 2565 1386; x_wconf 86' lang='lat' dir='ltr'><strong>ve-&#39;</strong></span> 
     </span>
     <span class='ocr_line' id='line_1_10' title="bbox 460 1423 2563 1537; baseline -0.001 -34"><span class='ocrx_word' id='word_1_54' title='bbox 460 1429 619 1537; x_wconf 49' lang='lat' dir='ltr'>xgis</span> <span class='ocrx_word' id='word_1_55' title='bbox 693 1425 1153 1529; x_wconf 88' lang='lat' dir='ltr'>parapetalis</span> <span class='ocrx_word' id='word_1_56' title='bbox 1236 1423 1564 1499; x_wconf 87' lang='lat' dir='ltr'>aliarum</span> <span class='ocrx_word' id='word_1_57' title='bbox 1638 1424 2087 1524; x_wconf 88' lang='lat' dir='ltr'>plantarum</span> <span class='ocrx_word' id='word_1_58' title='bbox 2172 1424 2563 1501; x_wconf 84' lang='lat' dir='ltr'>adfinium</span> 
     </span>
     <span class='ocr_line' id='line_1_11' title="bbox 509 1537 1591 1646; baseline -0.006 -29"><span class='ocrx_word' id='word_1_59' title='bbox 509 1541 949 1646; x_wconf 75' lang='lat' dir='ltr'>parapetala</span> <span class='ocrx_word' id='word_1_60' title='bbox 1003 1537 1335 1613; x_wconf 87' lang='lat' dir='ltr'>dicenda</span> <span class='ocrx_word' id='word_1_61' title='bbox 1388 1553 1591 1613; x_wconf 90' lang='lat' dir='ltr'>sunt.</span> 
     </span>
    </p>

    <p class='ocr_par' dir='ltr' id='par_1_4' title="bbox 454 1651 2562 1961">
     <span class='ocr_line' id='line_1_12' title="bbox 704 1651 2562 1753; baseline -0.001 -21"><span class='ocrx_word' id='word_1_62' title='bbox 704 1657 1187 1753; x_wconf 88' lang='lat' dir='ltr'><strong>Plerumque</strong></span> <span class='ocrx_word' id='word_1_63' title='bbox 1255 1651 1353 1727; x_wconf 85' lang='lat' dir='ltr'>ad</span> <span class='ocrx_word' id='word_1_64' title='bbox 1419 1651 1763 1727; x_wconf 86' lang='lat' dir='ltr'>formam</span> <span class='ocrx_word' id='word_1_65' title='bbox 1819 1654 2287 1730; x_wconf 82' lang='lat' dir='ltr'>cucullatam</span> <span class='ocrx_word' id='word_1_66' title='bbox 2352 1679 2562 1730; x_wconf 88' lang='lat' dir='ltr'>acce-</span> 
     </span>
     <span class='ocr_line' id='line_1_13' title="bbox 454 1765 2562 1875; baseline -0.001 -29"><span class='ocrx_word' id='word_1_67' title='bbox 454 1770 751 1875; x_wconf 55' lang='lat' dir='ltr'>xdunt,</span> <span class='ocrx_word' id='word_1_68' title='bbox 836 1765 1286 1866; x_wconf 79' lang='lat' dir='ltr'>cujusmo&#39;di</span> <span class='ocrx_word' id='word_1_69' title='bbox 1367 1768 1876 1868; x_wconf 73' lang='lat' dir='ltr'>reperiuntur</span> <span class='ocrx_word' id='word_1_70' title='bbox 1954 1769 2043 1843; x_wconf 90' lang='lat' dir='ltr'>in</span> <span class='ocrx_word' id='word_1_71' title='bbox 2134 1772 2562 1846; x_wconf 85' lang='lat' dir='ltr'>Ranuncu-</span> 
     </span>
     <span class='ocr_line' id='line_1_14' title="bbox 507 1885 763 1961; baseline -0.008 0"><span class='ocrx_word' id='word_1_72' title='bbox 507 1885 763 1961; x_wconf 77' lang='lat' dir='ltr'>laceis,</span> 
     </span>
    </p>

    <p class='ocr_par' dir='ltr' id='par_1_5' title="bbox 503 1994 2562 2323">
     <span class='ocr_line' id='line_1_15' title="bbox 702 1994 2562 2095; baseline -0.003 -21"><span class='ocrx_word' id='word_1_73' title='bbox 702 1998 910 2076; x_wconf 88' lang='lat' dir='ltr'>Alias</span> <span class='ocrx_word' id='word_1_74' title='bbox 983 1994 1282 2071; x_wconf 85' lang='lat' dir='ltr'>formas</span> <span class='ocrx_word' id='word_1_75' title='bbox 1349 2019 1579 2095; x_wconf 88' lang='lat' dir='ltr'><strong>saepe</strong></span> <span class='ocrx_word' id='word_1_76' title='bbox 1653 1996 2080 2093; x_wconf 85' lang='lat' dir='ltr'>singulares</span> <span class='ocrx_word' id='word_1_77' title='bbox 2150 2009 2562 2072; x_wconf 88' lang='lat' dir='ltr'>assumunt</span> 
     </span>
     <span class='ocr_line' id='line_1_16' title="bbox 506 2109 2558 2213; baseline -0.001 -24"><span class='ocrx_word' id='word_1_78' title='bbox 506 2115 595 2189; x_wconf 90' lang='lat' dir='ltr'>in</span> <span class='ocrx_word' id='word_1_79' title='bbox 645 2110 1117 2213; x_wconf 88' lang='lat' dir='ltr'>Apocyneis,</span> <span class='ocrx_word' id='word_1_80' title='bbox 1166 2111 1251 2183; x_wconf 91' lang='lat' dir='ltr'>in</span> <span class='ocrx_word' id='word_1_81' title='bbox 1300 2109 1426 2182; x_wconf 90' lang='lat' dir='ltr'>his</span> <span class='ocrx_word' id='word_1_82' title='bbox 1479 2134 1803 2211; x_wconf 91' lang='lat' dir='ltr'>quoque</span> <span class='ocrx_word' id='word_1_83' title='bbox 1855 2135 2041 2187; x_wconf 88' lang='lat' dir='ltr'>cum</span> <span class='ocrx_word' id='word_1_84' title='bbox 2089 2111 2558 2187; x_wconf 82' lang='lat' dir='ltr'>staminibus</span> 
     </span>
     <span class='ocr_line' id='line_1_17' title="bbox 503 2224 1593 2323; baseline -0.005 -20"><span class='ocrx_word' id='word_1_85' title='bbox 503 2227 593 2303; x_wconf 85' lang='lat' dir='ltr'>in</span> <span class='ocrx_word' id='word_1_86' title='bbox 644 2224 1186 2323; x_wconf 84' lang='lat' dir='ltr'>stylostegium</span> <span class='ocrx_word' id='word_1_87' title='bbox 1240 2238 1593 2298; x_wconf 87' lang='lat' dir='ltr'>connata.</span> 
     </span>
    </p>

    <p class='ocr_par' dir='ltr' id='par_1_6' title="bbox 502 2337 2557 3013">
     <span class='ocr_line' id='line_1_18' title="bbox 642 2337 2555 2440; baseline -0.002 -22.877"><span class='ocrx_word' id='word_1_88' title='bbox 642 2337 1288 2439; x_wconf 76' lang='lat' dir='ltr'>Anamolphosi</span> <span class='ocrx_word' id='word_1_89' title='bbox 1356 2355 1804 2416; x_wconf 87' lang='lat' dir='ltr'>monstrosa</span> <span class='ocrx_word' id='word_1_90' title='bbox 1873 2340 2101 2440; x_wconf 89' lang='lat' dir='ltr'><strong>saepe</strong></span> <span class='ocrx_word' id='word_1_91' title='bbox 2177 2338 2555 2440; x_wconf 87' lang='lat' dir='ltr'>multipli-</span> 
     </span>
     <span class='ocr_line' id='line_1_19' title="bbox 507 2447 2557 2541; baseline -0.001 -11"><span class='ocrx_word' id='word_1_92' title='bbox 507 2467 812 2541; x_wconf 89' lang='lat' dir='ltr'>cantur,</span> <span class='ocrx_word' id='word_1_93' title='bbox 875 2447 977 2529; x_wconf 88' lang='lat' dir='ltr'>ita</span> <span class='ocrx_word' id='word_1_94' title='bbox 1041 2467 1134 2529; x_wconf 87' lang='lat' dir='ltr'>ut</span> <span class='ocrx_word' id='word_1_95' title='bbox 1193 2452 1524 2527; x_wconf 85' lang='lat' dir='ltr'>interius</span> <span class='ocrx_word' id='word_1_96' title='bbox 1586 2455 1788 2530; x_wconf 86' lang='lat' dir='ltr'>intra</span> <span class='ocrx_word' id='word_1_97' title='bbox 1855 2456 2187 2531; x_wconf 79' lang='lat' dir='ltr'>exterius</span> <span class='ocrx_word' id='word_1_98' title='bbox 2252 2478 2557 2529; x_wconf 86' lang='lat' dir='ltr'>enasca-</span> 
     </span>
     <span class='ocr_line' id='line_1_20' title="bbox 505 2568 2554 2671; baseline -0 -27"><span class='ocrx_word' id='word_1_99' title='bbox 505 2584 656 2645; x_wconf 88' lang='lat' dir='ltr'>tur.</span> <span class='ocrx_word' id='word_1_100' title='bbox 760 2574 1018 2663; x_wconf 85' lang='lat' dir='ltr'>Quam</span> <span class='ocrx_word' id='word_1_101' title='bbox 1075 2568 1180 2643; x_wconf 89' lang='lat' dir='ltr'>ob</span> <span class='ocrx_word' id='word_1_102' title='bbox 1235 2592 1551 2643; x_wconf 89' lang='lat' dir='ltr'>causam</span> <span class='ocrx_word' id='word_1_103' title='bbox 1603 2571 1851 2668; x_wconf 88' lang='lat' dir='ltr'>petala</span> <span class='ocrx_word' id='word_1_104' title='bbox 1903 2569 2361 2671; x_wconf 85' lang='lat' dir='ltr'>Aquilegiae</span> <span class='ocrx_word' id='word_1_105' title='bbox 2425 2593 2554 2643; x_wconf 90' lang='lat' dir='ltr'>eo-</span> 
     </span>
     <span class='ocr_line' id='line_1_21' title="bbox 506 2681 2556 2784; baseline -0.001 -24"><span class='ocrx_word' id='word_1_106' title='bbox 506 2684 697 2760; x_wconf 91' lang='lat' dir='ltr'>dem</span> <span class='ocrx_word' id='word_1_107' title='bbox 747 2683 1002 2759; x_wconf 92' lang='lat' dir='ltr'><strong>modo</strong></span> <span class='ocrx_word' id='word_1_108' title='bbox 1056 2708 1285 2782; x_wconf 88' lang='lat' dir='ltr'><strong>saepe</strong></span> <span class='ocrx_word' id='word_1_109' title='bbox 1335 2682 1628 2781; x_wconf 85' lang='lat' dir='ltr'>repleta</span> <span class='ocrx_word' id='word_1_110' title='bbox 1681 2683 1778 2758; x_wconf 88' lang='lat' dir='ltr'>ad</span> <span class='ocrx_word' id='word_1_111' title='bbox 1832 2685 2267 2784; x_wconf 87' lang='lat' dir='ltr'>parapetala</span> <span class='ocrx_word' id='word_1_112' title='bbox 2319 2681 2556 2759; x_wconf 87' lang='lat' dir='ltr'>refer-</span> 
     </span>
     <span class='ocr_line' id='line_1_22' title="bbox 504 2795 2556 2896; baseline 0 -22"><span class='ocrx_word' id='word_1_113' title='bbox 504 2826 712 2885; x_wconf 86' lang='lat' dir='ltr'><strong>rem,</strong></span> <span class='ocrx_word' id='word_1_114' title='bbox 763 2799 879 2874; x_wconf 76' lang='lat' dir='ltr'>uti</span> <span class='ocrx_word' id='word_1_115' title='bbox 929 2795 1477 2890; x_wconf 49' lang='lat' dir='ltr'>Linnaeusgad</span> <span class='ocrx_word' id='word_1_116' title='bbox 1532 2799 1864 2872; x_wconf 90' lang='lat' dir='ltr'>nectaria</span> <span class='ocrx_word' id='word_1_117' title='bbox 1901 2800 2182 2896; x_wconf 85' lang='lat' dir='ltr'>retulit.</span> <span class='ocrx_word' id='word_1_118' title='bbox 2281 2804 2556 2874; x_wconf 83' lang='lat' dir='ltr'>Necta-</span> 
     </span>
     <span class='ocr_line' id='line_1_23' title="bbox 502 2912 2406 3013; baseline -0.002 -23"><span class='ocrx_word' id='word_1_119' title='bbox 502 2914 717 3008; x_wconf 83' lang='lat' dir='ltr'>rium</span> <span class='ocrx_word' id='word_1_120' title='bbox 772 2914 1247 2989; x_wconf 88' lang='lat' dir='ltr'>Graminum</span> <span class='ocrx_word' id='word_1_121' title='bbox 1296 2912 1576 3012; x_wconf 87' lang='lat' dir='ltr'>utique</span> <span class='ocrx_word' id='word_1_122' title='bbox 1625 2913 2059 3013; x_wconf 86' lang='lat' dir='ltr'>parapetala</span> <span class='ocrx_word' id='word_1_123' title='bbox 2116 2914 2331 2989; x_wconf 86' lang='lat' dir='ltr'>sistit.</span> <span class='ocrx_word' id='word_1_124' title='bbox 2401 3003 2406 3008; x_wconf 33' lang='lat'>‚</span> 
     </span>
    </p>

    <p class='ocr_par' dir='ltr' id='par_1_7' title="bbox 498 3013 2556 3902">
     <span class='ocr_line' id='line_1_24' title="bbox 697 3013 2555 3130; baseline -0.001 -25"><span class='ocrx_word' id='word_1_125' title='bbox 697 3030 1103 3106; x_wconf 83' lang='lat' dir='ltr'>Alternant</span> <span class='ocrx_word' id='word_1_126' title='bbox 1148 3051 1330 3120; x_wconf 82' lang='lat' dir='ltr'>non</span> <span class='ocrx_word' id='word_1_127' title='bbox 1394 3013 1660 3101; x_wconf 65' lang='lat' dir='ltr'>sulum</span> <span class='ocrx_word' id='word_1_128' title='bbox 1714 3052 1897 3101; x_wconf 87' lang='lat' dir='ltr'>cum</span> <span class='ocrx_word' id='word_1_129' title='bbox 1927 3027 2294 3104; x_wconf 54' lang='lat' dir='ltr'>‘corollae</span> <span class='ocrx_word' id='word_1_130' title='bbox 2344 3042 2555 3130; x_wconf 87' lang='lat' dir='ltr'>peta-</span> 
     </span>
     <span class='ocr_line' id='line_1_25' title="bbox 500 3139 2556 3241; baseline -0.002 -20"><span class='ocrx_word' id='word_1_131' title='bbox 500 3145 630 3233; x_wconf 86' lang='lat' dir='ltr'>lis,</span> <span class='ocrx_word' id='word_1_132' title='bbox 715 3143 1327 3241; x_wconf 72' lang='lat' dir='ltr'>segnientisque,</span> <span class='ocrx_word' id='word_1_133' title='bbox 1410 3141 1687 3215; x_wconf 87' lang='lat' dir='ltr'>intima</span> <span class='ocrx_word' id='word_1_134' title='bbox 1772 3139 2042 3216; x_wconf 87' lang='lat' dir='ltr'>saltem</span> <span class='ocrx_word' id='word_1_135' title='bbox 2129 3143 2361 3229; x_wconf 89' lang='lat' dir='ltr'>serie,</span> <span class='ocrx_word' id='word_1_136' title='bbox 2415 3140 2556 3220; x_wconf 89' lang='lat' dir='ltr'>sed</span> 
     </span>
     <span class='ocr_line' id='line_1_26' title="bbox 503 3254 2552 3360; baseline -0.002 -26"><span class='ocrx_word' id='word_1_137' title='bbox 503 3279 835 3360; x_wconf 87' lang='lat' dir='ltr'>quoque</span> <span class='ocrx_word' id='word_1_138' title='bbox 899 3281 1083 3329; x_wconf 89' lang='lat' dir='ltr'>cum</span> <span class='ocrx_word' id='word_1_139' title='bbox 1148 3254 1613 3329; x_wconf 80' lang='lat' dir='ltr'>staminibus</span> <span class='ocrx_word' id='word_1_140' title='bbox 1679 3256 1957 3331; x_wconf 87' lang='lat' dir='ltr'>extima</span> <span class='ocrx_word' id='word_1_141' title='bbox 2012 3257 2284 3332; x_wconf 89' lang='lat' dir='ltr'>saltem</span> <span class='ocrx_word' id='word_1_142' title='bbox 2337 3257 2552 3332; x_wconf 90' lang='lat' dir='ltr'>serie.</span> 
     </span>
     <span class='ocr_line' id='line_1_27' title="bbox 499 3366 2554 3472; baseline -0.002 -24"><span class='ocrx_word' id='word_1_143' title='bbox 499 3374 705 3448; x_wconf 89' lang='lat' dir='ltr'>Hinc</span> <span class='ocrx_word' id='word_1_144' title='bbox 780 3384 1022 3472; x_wconf 89' lang='lat' dir='ltr'>patet,</span> <span class='ocrx_word' id='word_1_145' title='bbox 1095 3366 1534 3468; x_wconf 87' lang='lat' dir='ltr'>parapetala</span> <span class='ocrx_word' id='word_1_146' title='bbox 1611 3392 1776 3442; x_wconf 90' lang='lat' dir='ltr'>non</span> <span class='ocrx_word' id='word_1_147' title='bbox 1841 3368 2188 3447; x_wconf 86' lang='lat' dir='ltr'>formare</span> <span class='ocrx_word' id='word_1_148' title='bbox 2248 3386 2554 3472; x_wconf 89' lang='lat' dir='ltr'>partem</span> 
     </span>
     <span class='ocr_line' id='line_1_28' title="bbox 498 3482 2555 3588; baseline -0 -27"><span class='ocrx_word' id='word_1_149' title='bbox 498 3485 724 3562; x_wconf 88' lang='lat' dir='ltr'>floris</span> <span class='ocrx_word' id='word_1_150' title='bbox 787 3484 1194 3585; x_wconf 87' lang='lat' dir='ltr'>propriam</span> <span class='ocrx_word' id='word_1_151' title='bbox 1263 3497 1336 3556; x_wconf 88' lang='lat' dir='ltr'>et</span> <span class='ocrx_word' id='word_1_152' title='bbox 1403 3482 1881 3572; x_wconf 78' lang='lat' dir='ltr'>distinctam,</span> <span class='ocrx_word' id='word_1_153' title='bbox 1950 3511 2135 3560; x_wconf 89' lang='lat' dir='ltr'>nam</span> <span class='ocrx_word' id='word_1_154' title='bbox 2189 3487 2371 3561; x_wconf 89' lang='lat' dir='ltr'>alias</span> <span class='ocrx_word' id='word_1_155' title='bbox 2420 3509 2555 3588; x_wconf 88' lang='lat' dir='ltr'>pe-</span> 
     </span>
     <span class='ocr_line' id='line_1_29' title="bbox 499 3596 2552 3701; baseline 0.001 -29"><span class='ocrx_word' id='word_1_156' title='bbox 499 3596 650 3672; x_wconf 86' lang='lat' dir='ltr'>tala</span> <span class='ocrx_word' id='word_1_157' title='bbox 703 3597 1168 3672; x_wconf 88' lang='lat' dir='ltr'>staminibus</span> <span class='ocrx_word' id='word_1_158' title='bbox 1220 3596 1664 3673; x_wconf 90' lang='lat' dir='ltr'>secundum</span> <span class='ocrx_word' id='word_1_159' title='bbox 1716 3599 2069 3696; x_wconf 86' lang='lat' dir='ltr'>regulam</span> <span class='ocrx_word' id='word_1_160' title='bbox 2124 3614 2379 3677; x_wconf 87' lang='lat' dir='ltr'>essent</span> <span class='ocrx_word' id='word_1_161' title='bbox 2413 3626 2552 3701; x_wconf 87' lang='lat' dir='ltr'>op·</span> 
     </span>
     <span class='ocr_line' id='line_1_30' title="bbox 498 3708 2554 3818; baseline 0.001 -32"><span class='ocrx_word' id='word_1_162' title='bbox 498 3712 783 3814; x_wconf 87' lang='lat' dir='ltr'>posita,</span> <span class='ocrx_word' id='word_1_163' title='bbox 886 3711 991 3787; x_wconf 93' lang='lat' dir='ltr'>ob</span> <span class='ocrx_word' id='word_1_164' title='bbox 1094 3708 1494 3786; x_wconf 86' lang='lat' dir='ltr'>defectum</span> <span class='ocrx_word' id='word_1_165' title='bbox 1574 3714 2243 3814; x_wconf 86' lang='lat' dir='ltr'>parapetalorum‚</span> <span class='ocrx_word' id='word_1_166' title='bbox 2328 3713 2554 3818; x_wconf 90' lang='lat' dir='ltr'>quod</span> 
     </span>
     <span class='ocr_line' id='line_1_31' title="bbox 500 3826 1261 3902; baseline -0.004 -1"><span class='ocrx_word' id='word_1_167' title='bbox 500 3851 668 3902; x_wconf 90' lang='lat' dir='ltr'>non</span> <span class='ocrx_word' id='word_1_168' title='bbox 719 3827 824 3901; x_wconf 89' lang='lat' dir='ltr'>ita</span> <span class='ocrx_word' id='word_1_169' title='bbox 877 3851 958 3902; x_wconf 93' lang='lat' dir='ltr'>se</span> <span class='ocrx_word' id='word_1_170' title='bbox 1007 3826 1261 3901; x_wconf 68' lang='lat' dir='ltr'>habet„</span> 
     </span>
    </p>

    <p class='ocr_par' dir='ltr' id='par_1_8' title="bbox 502 3943 2551 4157">
     <span class='ocr_line' id='line_1_32' title="bbox 694 3943 2551 4043; baseline 0.002 -27"><span class='ocrx_word' id='word_1_171' title='bbox 694 3946 1290 4018; x_wconf 87' lang='lat' dir='ltr'>Parastemones</span> <span class='ocrx_word' id='word_1_172' title='bbox 1360 3954 1546 4016; x_wconf 87' lang='lat' dir='ltr'>sunt</span> <span class='ocrx_word' id='word_1_173' title='bbox 1607 3943 2071 4043; x_wconf 87' lang='lat' dir='ltr'>parapetalis</span> <span class='ocrx_word' id='word_1_174' title='bbox 2123 3944 2416 4020; x_wconf 91' lang='lat' dir='ltr'>similes</span> <span class='ocrx_word' id='word_1_175' title='bbox 2465 3944 2551 4019; x_wconf 89' lang='lat' dir='ltr'>in</span> 
     </span>
     <span class='ocr_line' id='line_1_33' title="bbox 502 4053 2502 4157; baseline 0 -25"><span class='ocrx_word' id='word_1_176' title='bbox 502 4054 871 4142; x_wconf 75' lang='lat' dir='ltr'>AconitiS,</span> <span class='ocrx_word' id='word_1_177' title='bbox 920 4055 1236 4157; x_wconf 87' lang='lat' dir='ltr'>stipitati</span> <span class='ocrx_word' id='word_1_178' title='bbox 1289 4053 1600 4142; x_wconf 89' lang='lat' dir='ltr'>scilicet,</span> <span class='ocrx_word' id='word_1_179' title='bbox 1650 4057 1959 4133; x_wconf 84' lang='lat' dir='ltr'>sacculo</span> <span class='ocrx_word' id='word_1_180' title='bbox 2013 4056 2502 4136; x_wconf 87' lang='lat' dir='ltr'>nectarifero.</span> 
     </span>
    </p>
   </div>
   <div class='ocr_carea' id='block_1_3' title="bbox 2781 138 2788 673">
    <p class='ocr_par' dir='ltr' id='par_1_9' title="bbox 2781 138 2788 673">
     <span class='ocr_line' id='line_1_34' title="bbox 2781 138 2788 673; baseline 0 0"><span class='ocrx_word' id='word_1_181' title='bbox 2781 138 2788 673; x_wconf 95' lang='lat' dir='ltr'> </span> 
     </span>
    </p>
   </div>
  </div>
 </body>
</html>
