2843 4800
904 312 1636 398 VEGETATIO:
2142 313 2289 390 377

248 515 735 596 saccharum
772 526 851 591 et
909 509 1472 610 mucilaginem
1536 534 1626 586 ex
1688 509 1948 588 hum'o
1995 510 2137 590 vix*
2170 527 2293 587 ex-

245 630 556 707 trahere
604 626 943 730 possint,
994 649 1198 726 opus
1249 639 1380 711 est,
1428 637 1523 701 ut
1570 613 1780 725 aqua⁵
1815 624 2090 704 saltem
2119 651 2296 726 par-

245 745 425 833 tim,
492 741 694 822 dum
754 740 1029 817 transit
1089 740 1174 814 in
1234 738 1616 828 radicem,
1667 737 2299 840 decomponatur

247 870 328 935 et
372 871 747 940 mutetur.

441 976 537 1048 In
589 969 892 1046 cultura
939 966 1180 1065 igitur
1226 966 1668 1069 plantarum
1717 964 2297 1069 dispiciendum

251 1099 403 1174 est,
466 1099 561 1161 ut
607 1081 876 1160 solum
923 1081 1233 1182 plantae
1281 1082 1758 1158 conveniens
1805 1082 1958 1183 ipsi
2004 1083 2299 1159 tribua-

248 1213 417 1287 tur,
485 1199 711 1301 quod
772 1195 1059 1294 justam
1126 1215 1376 1296 aquae
1426 1196 1739 1297 copiam
1786 1196 2028 1274 radici
2079 1222 2299 1300 praev

250 1314 468 1402 beat,
510 1325 901 1425 quantum
947 1310 1209 1411 planta
1255 1324 1684 1411 spontanea
1717 1311 2075 1412 requirit,
2120 1326 2318 1394 tum-

254 1426 484 1528 quod
545 1451 835 1528 aquam
895 1448 1081 1498 cum
1146 1446 1233 1498 ea
1297 1426 1623 1502 materia
1680 1422 2028 1524 junctam
2089 1426 2300 1503 exhi-

252 1541 470 1629 beat,
546 1538 766 1637 cujus
840 1562 997 1638 ope
1060 1534 1430 1618 facillime
1512 1538 2155 1671 decomponatur·
2223 1553 2301 1617 et

255 1666 645 1741 mutetur,
709 1652 1032 1736 tandem
1096 1651 1320 1752 quod
1384 1655 1792 1730 materiam
1857 1654 2299 1755 suscipien-

259 1766 449 1844 dam
496 1766 804 1867 plantae
853 1765 1165 1853 offerat,
1216 1767 1280 1844 si
1327 1766 1534 1844 hanc
1583 1768 1974 1868 suscipere
2020 1768 2240 1844 valet.

452 1879 955 1959 stercorandi
1015 1880 1218 1956 ratio
1284 1881 1370 1955 in
1423 1905 1519 1956 eo
1571 1881 1824 1981 posita
1877 1894 2023 1969 est,
2075 1878 2303 1981 ‚quod

253 2022 549 2099 aquam
608 1997 758 2072 sub
824 1995 919 2070 iis
994 1994 1586 2070 conditionibus
1648 1994 2009 2071 radicum
2056 1994 2303 2070 fibril-

253 2110 347 2188 lis
397 2110 671 2197 tradat,
723 2109 1013 2210 quibus
1060 2106 1285 2188 facile
1337 2108 1967 2209 decomponitur,
2019 2124 2095 2185 et
2123 2133 2304 2184 mu-

254 2238 503 2311 tatur,
566 2237 743 2300 tum
794 2221 1020 2324 quod
1067 2222 1433 2300 materias
1480 2221 1765 2298 iisdem
1812 2221 2122 2300 fibrillis
2172 2249 2305 2324 ap-

181 2341 538 2443 kponat,
602 2360 814 2438 quae
889 2349 1231 2413 mutatae
1308 2350 1383 2413 et
1464 2335 2057 2439 decompositae
2126 2361 2307 2413 vasa

252 2455 554 2530 intrare
600 2464 952 2554 possunt,
998 2449 1323 2526 tandem
1375 2451 1600 2550 quod
1661 2452 2024 2529 materias
2060 2451 2322 2528 radici

254 2568 583 2656 offerat,
633 2567 930 2666 absque
960 2564 1403 2645 mutatione
1436 2565 1991 2665 suscipiendas.
2086 2569 2309 2642 Num

257 2683 645 2760 omnibus
692 2681 909 2756 hisce
957 2678 1224 2755 modis
1274 2692 1570 2754 stercus
1616 2679 1702 2753 in
1753 2678 2055 2754 cultura
2088 2678 2310 2777 plan-

260 2811 524 2873 tarum
583 2795 867 2900 prosit,
932 2818 1030 2869 an
1092 2816 1263 2870 uno
1327 2803 1637 2869 tantum
1704 2790 2044 2871 alterove
2104 2789 2310 2871 infra

264 2911 767 3014 disquiretur.

457 3029 773 3101 Humus
843 3034 1170 3099 vocatur
1246 3043 1661 3096 summum
1739 3019 1823 3097 in
1898 3018 2316 3121 superficie

264 3153 519 3215 terrae
582 3134 940 3227 stratum,
993 3134 1218 3239 quod
1268 3148 1702 3236 corporum
1754 3137 2313 3234 organicorum

263 3250 764 3351 corruptioni
848 3251 1215 3339 debetur,
1297 3251 1529 3350 nigro
1592 3246 1896 3336 colore,
1958 3248 2045 3324 in
2110 3274 2312 3351 aqua

124 3412 127 3421 ·
220 3458 223 3459 ᾗ
266 3378 557 3467 parum
617 3363 1118 3454 solvendum,
1179 3366 1265 3440 in
1313 3366 1495 3461 igne
1545 3362 2188 3439 comburendum
2240 3377 2315 3439 et

272 3477 961 3580 decomposition‘e
1009 3480 1093 3553 in
1137 3502 1651 3575 oxygeneum,
1688 3476 2334 3575 hydrogeneums

273 3593 788 3669 carbonicum
851 3605 928 3667 et
1000 3606 1320 3669 azotum
1389 3591 1967 3691 dirimendum,
2017 3590 2317 3667 ‘eadem

269 3707 512 3805 igitur
576 3704 926 3782 chemica
990 3704 1368 3807 principia
1431 3709 1849 3808 praebenS,
1901 3731 2105 3808 quae
2152 3705 2319 3805 ipsa

204 3838 207 3843 ²
273 3822 830 3920 vegetabilium
881 3835 957 3896 et
1006 3821 1468 3897 animalium
1519 3846 1873 3921 corpora.
1947 3844 1952 3851 ·

465 3938 777 4013 Plantas
829 3949 905 4011 et
953 3934 1125 4009 aliis
1175 3937 1552 4036 partibuS,
1598 3934 1813 4012 foliis
1853 3934 2318 4035 ..praesertim

280 4046 711 4129 humorem
798 4049 1207 4143 resorbere
1254 4076 1259 4081 ·
1278 4064 1489 4152 patet
1561 4074 1606 4127 e
1685 4049 2155 4133 succulentis
2234 4050 2318 4125 in
