2843 4800
1065 347 1497 429 For-MA.
2208 355 2298 435 51

440 550 538 625 In
624 544 983 648 partibus
1059 545 1514 625 involutivis
1596 546 1816 624 nulla
1902 549 2300 633 dimensio

252 686 436 765 prae
482 660 812 762 reliquis
863 660 1173 737 eminet.
1276 664 1481 743 Sunt
1526 675 1784 763 partes
1815 669 2305 762 generationi

252 790 326 853 et
396 774 948 878 propagationi
1025 773 1357 863 dicatae,
1434 800 1621 853 cum
1692 776 1780 851 in
1840 778 2029 880 ipsis
2110 784 2305 863 aliae

248 905 504 993 partes
583 914 735 989 pro
811 887 1080 964 futura
1156 889 1634 990 expansione
1700 910 2153 994 compactae
2228 915 2307 977 et

250 1005 719 1083 convolutae
814 1003 1384 1080 contineantur.
1485 1002 1787 1104 Hujus
1878 1006 2038 1093 loci
2119 1029 2308 1092 sunt

249 1143 596 1219 gemma,
646 1116 833 1206 flos,
864 1115 1205 1195 fructus.
2149 1180 2156 1191 .

264 1310 269 1315 .
439 1236 523 1311 Si
574 1246 790 1309 totus
838 1230 995 1311 flos
1045 1230 1608 1322 consideratur,
1658 1233 1761 1314 ad
1808 1250 2070 1339 partes
2123 1204 2301 1343 per-

244 1349 441 1426 tinet
485 1345 979 1429 involutivas.
1075 1344 1330 1446 Hujus
1363 1371 1552 1424 vero
1591 1347 1786 1426 aliae
1816 1367 2074 1454 partes
2114 1371 2302 1441 sunt

247 1486 657 1564 expansae,
703 1461 822 1541 uti
871 1459 1158 1562 petala,
1206 1461 1404 1547 aliae
1450 1460 1906 1556 fulcientes,
1962 1468 2081 1546 uti
2130 1467 2297 1557 fila-
2339 1488 2344 1494 ’

244 1590 520 1653 menta
585 1590 659 1652 et
700 1574 908 1674 styli,
959 1574 1153 1650 aliae
1200 1573 1701 1667 involutivae,
1750 1580 1870 1656 uti
1920 1582 2294 1667 antherae

246 1705 330 1768 et
377 1688 607 1771 ovula
653 1690 845 1793 ipsa,
937 1687 1168 1767 Idem
1216 1690 1302 1771 in
1350 1692 1692 1788 gemmis
1723 1692 1951 1773 facile
1983 1699 2297 1802 conspi-

242 1807 467 1884 citur.

438 1923 746 2001 Omnes
792 1917 1035 2017 igitur
1077 1924 1337 2019 part'es
1384 1915 1697 2019 plantae
1747 1934 1885 1997 aut
1932 1935 2119 2001 sunt
2168 1926 2298 2001 sn·-

192 2102 195 2107 .
233 2038 439 2139 pite-5,
477 2047 615 2111 aut
627 2025 917 2136 phylla,
955 2046 1090 2109 aut
1110 2035 1584 2135 propagines.
1675 2036 2075 2133 Regiones
2107 2037 2301 2116 inde

243 2151 614 2227 oriuntur
658 2150 1143 2251 suffultoria,
1192 2143 1686 2253 expamdriia,
1735 2154 2222 2250 generator-zia.

428 2262 851 2341 Interdum
898 2285 1059 2338 una
1110 2260 1350 2341 aliave
1397 2288 1580 2364 pars
1627 2263 1713 2341 in
1763 2264 2048 2365 plantis
2110 2291 2299 2351 nor-

236 2379 580 2456 malibus
640 2376 990 2458 formam
1049 2375 1452 2462 insolitam
1517 2377 1773 2464 habet.
1906 2378 2038 2458 Sio
2100 2377 2296 2468 solia

112 2480 135 2498 ’
240 2509 323 2571 et
386 2493 714 2596 stipulae
775 2492 862 2570 in
926 2491 1189 2593 spinas
1252 2492 1579 2582 abeunt,
1627 2479 1820 2576 folia
1872 2493 2298 2593 cylindrica

240 2608 491 2694 fiunt,
565 2607 772 2703 calyx
816 2604 1243 2709 piliformis
1294 2621 1412 2689 est
1460 2620 1599 2683 etc.
1694 2611 1760 2686 Ε
1809 2608 1994 2692 loeo
2048 2634 2297 2712 quem

238 2724 329 2799 in
381 2720 645 2822 planta
698 2720 1052 2796 obtinent
1095 2734 1371 2805 tamen
1411 2718 1639 2799 facile
1696 2722 2294 2822 dignoscunttm¹

235 2843 493 2915 Hasce
540 2849 796 2938 partes
841 2839 1211 2917 denotas
1262 2834 1614 2917 dixerim.

430 2954 527 3028 In
614 2949 1086 3032 animalibus
1167 2948 1536 3044 regiones
1613 2963 2009 3050 separatae
2086 2964 2293 3037 susm·

232 3065 407 3143 Alia
489 3065 706 3140 enim
777 3066 863 3140 in
934 3061 1526 3162 longitudinem
1596 3062 2114 3164 potissimum
2168 3087 2294 3143 ex·-

232 3182 460 3257 tensa
520 3179 1043 3281 repeniuntur,
1103 3178 1234 3259 uti
1270 3191 1610 3265 vermeS,
1659 3187 2099 3277 serpentes,
2134 3173 2291 3251 alia

232 3296 332 3371 in
378 3293 895 3382 latitudinem,
953 3294 1074 3374 uti
1121 3295 1413 3374 insecta
1465 3288 1891 3395 quaedam2
1932 3287 2100 3374 alia·
2119 3303 2290 3379 tota

230 3407 671 3487 involutiva
708 3423 937 3498 sunt,
984 3409 1145 3485 uti
1132 3404 1524 3490 animalia
1573 3402 2174 3537 perfectiora-2,

435 3529 631 3601 Tres
686 3524 931 3622 igitur
993 3521 1535 3604 dimensiones
1597 3520 1684 3604 in
1729 3518 2036 3622 plantis
2066 3516 2290 3608 Inou-

226 3640 489 3718 lenter
535 3638 914 3794 exhibitas
960 3636 1423 3738 reperimus
1913 3695 1920 3712 .
1971 3683 1990 3712 .-
2022 3652 2080 3704 'ff

221 3949 376 4055 3-2.
510 3943 763 4036 Pars
839 3946 1277 4063 ιῙῆιίεἰιειειιτ
1340 3936 1823 4061 primaria
1923 3905 2287 4060 omnes

351 4084 800 4208 reliquas
870 4082 1379 4178 sustinens
1435 4081 1828 4288 catzdex
1861 4054 2070 4177 est„
2091 4090 2287 4175 ,Qun
