2843 4800
476 420 480 427 .
536 350 711 426 ‘276
1392 314 1761 425 ⁵·FLos

528 539 1483 647 ⁴rollaoeGompositarum
1548 573 1589 622 a
1638 545 1963 647 reliquis
2014 543 2285 646 quoad
2332 570 2621 635 nervos

568 685 855 763 parum
908 658 1189 736 differt.
1287 660 1524 735 Nervi
1573 659 1924 735 laterales
1972 660 2318 759 bipartiti
2369 660 2454 734 in
2505 685 2622 736 se-

571 775 908 875 gmentis
972 798 1201 874 saepe
1269 789 1721 850 antrorsum
1774 788 2246 850 evanescunt
2276 775 2362 849 in
2413 799 2617 849 mar·

568 889 748 987 gine
846 889 1269 967 incrassato
1357 889 1817 990 papilligero
1848 948 1865 974 ,
1911 892 1915 897 ’
1954 906 2240 975 nervus
2301 888 2617 964 medius

568 1003 950 1101 segmenti
1013 1002 1424 1078 interdum
1489 1002 1978 1077 oblitteratus
2050 1017 2163 1077 est
2244 1016 2379 1076 aut
2450 1002 2615 1077 basi

568 1132 705 1195 aut
774 1117 1024 1218 plane.
1151 1114 1305 1192 Csr.
1384 1140 1588 1216 quae
1655 1116 1955 1191 Cassini
2032 1130 2108 1190 et
2169 1118 2259 1191 R.
2325 1118 2616 1190 Brovvn

568 1231 716 1307 hac
777 1230 882 1305 de
941 1255 1029 1306 re
1095 1230 1596 1331 disputarunt
1658 1231 1971 1325 (Iourn.
2038 1228 2109 1302 d.
2171 1229 2307 1304 Ph.
2363 1233 2451 1305 T.
2500 1234 2614 1306 86.

562 1372 637 1447 p.
686 1344 922 1442 340.)
1020 1345 1491 1421 Pax-titiones
1538 1343 1985 1444 petalorum
2039 1369 2081 1417 a
2132 1342 2388 1418 nervis
2446 1367 2613 1419 non

557 1457 1037 1538 efficiuntur.
1384 1470 1409 1509 x

750 1574 986 1650 Nitor
1046 1572 1460 1671 singularis
1508 1572 1956 1674 petalorum
2009 1597 2050 1646 a
2097 1571 2407 1672 papillis
2461 1574 2612 1647 ori·

559 1702 710 1777 tur,
764 1688 865 1763 de
917 1689 1208 1789 quibus
1259 1713 1495 1789 supra
1549 1687 1789 1784 (139)
1832 1688 2153 1785 egimus.
2257 1686 2611 1782 Singula-

561 1802 666 1877 ris
732 1814 848 1877 εει
906 1825 1182 1900 margo
1249 1801 1715 1876 incrassatus
1765 1799 2071 1901 papillis
2119 1798 2479 1873 maximis
2528 1800 2609 1872 in

563 1915 1049 2018 Compositis
1100 1941 1142 1993 a
1197 1915 1557 2019 Cassinio
1607 1937 1774 1989 non
1829 1914 2306 1988 observatus,

561 2212 762 2305 164.
893 2210 1300 2305 Corolla
1361 2217 1923 2330 monopetala
1984 2224 2166 2313 est,
2232 2224 2401 2301 aut
2450 2244 2607 2330 po-

674 2359 1058 2474 lypetala
1180 2354 1827 2473 receptaculo
1968 2355 2354 2480 adnata&
2433 2363 2610 2441 aut

682 2512 1105 2596 connata,
1172 2501 1547 2616 epz'gyna
1609 2507 1781 2584 aut
1840 2497 2332 2620 hypogyna.

748 2719 870 2793 De
954 2717 1303 2794 corollae
1386 2724 1908 2819 monopetalae
1985 2733 2070 2795 et
2138 2720 2632 2822 polypetalae‘-

552 2829 886 2906 notione
934 2829 1162 2906 valde
1212 2830 1725 2933 disputatum'
1767 2849 1880 2909 est
1937 2835 2141 2908 inter
2184 2833 2606 2908 Botanic'os

549 2944 1196 3047 praecedentium
1259 2947 1715 3024 seculorum
1793 2946 1968 3044 (cfr.
2035 2949 2119 3022 A.
2190 2950 2280 3038 Q.
2342 2946 2606 3021 Rivini

549 3060 1045 3138 Introductio
1072 3060 1156 3135 in
1182 3085 1353 3136 rem
1381 3060 1846 3136 herbariam.
1871 3057 2017 3133 Ed.
2034 3061 2099 3132 3.
2118 3057 2319 3158 Lips.
2338 3059 2604 3155 1720).

552 3175 636 3251 Si
712 3174 1011 3251 corolla
1088 3172 1411 3260 decidit,
1487 3173 1714 3248 facile
1790 3172 2332 3271 distinguitur,
2419 3173 2603 3248 alias

548 3311 735 3363 vero
808 3286 1173 3373 difficile,
1239 3300 1415 3360 tum
1481 3286 1581 3360 ad
1656 3310 1941 3362 nervos
2014 3286 2603 3390 respiciendum

545 3400 747 3477 mihi
799 3401 1114 3480 ‚videtur
1162 3400 1370 3498 (162.
1387 3400 1441 3497 ).
1580 3493 1584 3498 ,

750 3513 1150 3616 Um'petala
1240 3528 1391 3602 est,
1485 3512 1707 3613 cujus
1807 3517 2033 3593 orbis
2101 3542 2272 3593 non
2349 3512 2600 3616 reple-

543 3613 701 3716 ωε,
753 3627 934 3704 sed
968 3652 1137 3703 uno
1199 3628 1438 3706 latere
1498 3644 1808 3706 tantum
1867 3631 2127 3768 petalo
2203 3628 2646 3705 indicatus*

546 3741 1067 3843 (Amorpha).

726 3851 1255 3956 Receptaculo
1322 3860 1619 3935 adnata
1684 3872 1797 3935 est
1848 3858 2177 3946 corolla,
2233 3883 2435 3960 quae
2483 3855 2594 3933 fa-

538 3969 683 4046 cile
741 3970 1061 4058 secedit,
1125 3973 1429 4057 mnata,
1494 3998 1697 4074 quae
1757 3974 2023 4047 minus
2089 3972 2314 4048 facile
2379 3996 2585 4046 sece-

535 4082 670 4161 dit.
797 4084 953 4163 Ubi
1045 4085 1430 4187 separatio
1512 4087 1785 4174 facilis,
1852 4101 2183 4163 stratum
2274 4085 2589 4162 cellula-
