2843 4800
1029 320 1657 454 omnus.
2222 344 2370 420 aas

302 566 491 621 rum
573 525 886 629 oleum,
968 538 1194 641 quod
1266 539 1351 616 in
1418 535 1879 639 regionibus
1945 540 2218 618 calidis
2284 557 2361 618 et

304 656 563 733 calido
638 669 1002 755 tempore
1077 653 1423 728 exhiberi
1498 650 1790 755 potest,
1858 655 1944 730 at'
1996 670 2358 757 tempore
2465 645 2472 654 ’

301 770 597 869 frigido
677 768 784 844 ob
866 768 1269 842 minorem
1344 770 1661 869 copiam
1737 792 1922 843 cum
1989 794 2190 870 aqua
2255 771 2356 846 ad

307 883 916 968 destillationem
968 879 1315 960 adhibita
1364 883 1599 983 plane
1649 883 2166 959 combinatur.

495 1002 751 1074 Instar
780 995 1109 1102 vaporis
1156 995 1442 1096 proml
1491 995 1739 1072 dubio
1791 996 2046 1072 avolat
2080 996 2352 1096 oleum

304 1091 806 1188 odoriferum
862 1123 938 1184 et
968 1107 1205 1206 ajunt
1236 1133 1565 1209 vapores
1600 1107 1798 1186 circa
1841 1110 2350 1188 Dictamnum

305 1224 577 1300 album
628 1221 1050 1298 florentem
1098 1219 1415 1298 incendi
1466 1247 1718 1323 posse.

496 1335 712 1413 Aliae
792 1336 1104 1438 plantae
1185 1336 1421 1434 longe
1499 1335 1966 1413 diffundunt
2037 1337 2348 1429 odoreS,

307 1451 499 1540 aliae
549 1451 847 1538 minuS,
897 1451 1007 1526 ob
1055 1446 1592 1526 volatilitatem
1638 1448 2024 1548 majorem
2086 1453 2349 1527 mino·

303 1587 591 1638 remve.
711 1564 913 1639 Hinc
961 1563 1226 1664 plures
1286 1563 1579 1638 odores
1641 1564 1939 1665 percipi
1989 1581 2343 1665 possunt,

230 1767 234 1772 η
310 1676 464 1751 alio
526 1677 808 1773 magiS,
875 1677 1028 1752 alio
1088 1677 1356 1753 minus
1419 1675 1904 1767 diffi180,ut
1946 1677 2034 1753 in
2081 1680 2347 1759 Viciae

304 1791 562 1865 Fabae
611 1789 963 1865 floribus.

499 1907 705 1979 Sunt
767 1902 1092 1992 odores,
1158 1903 1297 2005 qui
1347 1904 1668 1981 nonnisi
1721 1927 1765 1980 e
1812 1902 2163 2007 partibus
2208 1907 2346 2017 tri·-

301 2019 401 2094 tis
455 2018 843 2108 oriantur,
893 2033 1029 2094 aut
1072 2016 1360 2094 fortius
1410 2043 1455 2094 e
1503 2019 1719 2094 tritis.

491 2132 640 2209 Alii
693 2130 987 2208 odores
1037 2155 1080 2208 e
1126 2131 1388 2234 planta
1437 2144 1747 2208 recente
1795 2129 2076 2230 majori
2113 2147 2339 2234 copia

306 2245 676 2333 effluunt,
751 2244 879 2321 alii
944 2268 987 2321 e
1047 2245 1278 2336 sicca,
1353 2270 1415 2323 e.
1466 2271 1535 2345 g.
1583 2244 2147 2323 Melilotorum.
2242 2252 2337 2324 In

300 2361 426 2437 his
501 2359 769 2459 enim.
795 2357 1034 2437 nimis
1109 2386 1310 2464 aqua
1384 2359 1613 2438 diluti
1686 2359 2057 2438 videntur
2125 2362 2337 2440 succi

306 2452 706 2551 odoriferi.

500 2593 700 2664 Sunt
768 2587 1043 2677 flores),
1118 2588 1257 2689 qui
1324 2602 1571 2663 noctu
1632 2602 1941 2691 tantum
1993 2587 2337 2666 odorem

302 2717 696 2803 spargant,
765 2716 841 2778 et
901 2702 1357 2803 praesertim
1418 2700 1862 2801 plantarum
1926 2699 2338 2776 crucifera-

298 2842 517 2904 rum,
583 2816 855 2918 petalis
916 2814 1239 2890 sordide
1291 2828 1366 2890 et
1412 2813 1952 2888 {usco-luteis.
2071 2818 2164 2889 In
2213 2814 2339 2889 his

301 2931 574 3007 oleum
622 2930 847 3008 valde
895 2928 1208 3005 volatile
1257 2928 1357 3003 de
1408 2927 1538 3002 die
1588 2940 1723 3001 aut
1763 2926 2009 3025 magis
2045 2925 2338 3004 diffim-
2431 3004 2440 3013 ,

303 3043 518 3118 ditur
566 3058 643 3119 et
691 3043 1106 3131 evanescit,
1146 3065 1399 3161 quam
1449 3052 1713 3126 noem,
1763 3065 1928 3141 quo
1976 3055 2339 3141 tempore

299 3148 552 3252 magis
626 3156 963 3232 densum
1036 3156 1124 3231 in
1198 3178 1484 3232 nervos
1558 3157 1754 3250 agit,
1828 3166 1964 3229 aut
2035 3152 2137 3229 de
2210 3153 2342 3229 die

299 3269 565 3345 statim
664 3269 1277 3373 decomponitur
1348 3271 1456 3347 ob
1534 3262 2024 3392 oxygeneum
2075 3264 2338 3345 simul

302 3383 783 3461 extricatum.

493 3498 812 3575 Plantae
873 3495 1294 3594 regionum
1346 3494 1775 3572 calidarum
1826 3495 2073 3596 magis
2122 3497 2341 3575 olent

305 3602 547 3715 quam
619 3610 1119 3707 frigidarum,
1183 3610 1298 3685 uti
1364 3634 1600 3710 supra
1678 3610 2036 3713 exemplo
2091 3614 2341 3688 Rosa·

298 3752 482 3802 rum
533 3720 898 3800 vidimus.¹
994 3720 1407 3799 Interdum
1456 3748 1642 3800 vero
1694 3724 1934 3799 nimis
1986 3721 2337 3799 diffundi
2423 3802 2426 3803 γ

298 3840 611 3917 videtur
659 3837 870 3914 odor
913 3837 1000 3912 in
1048 3835 1505 3934 regionibus
1556 3837 1841 3914 calidis,
1952 3835 2172 3913 Vidit
2202 3835 2338 3911 cel.

297 3958 557 4030 Nocca
626 3952 1144 4031 Calendulam
1207 3951 1294 4026 in
1357 3951 1698 4029 caldario
1764 3948 2104 4028 odorem
2165 3974 2340 4050 per-

302 4065 591 4145 didisse
637 4069 927 4167 (Usteri
977 4067 1248 4145 Annal.
1300 4065 1374 4143 d.
1421 4068 1836 4256 BomfflT'
1866 4068 1935 4142 5.
1969 4091 2044 4167 p.
2078 4067 2148 4141 8.
2192 4064 2342 4161 10.)
2435 4042 2442 4049 ’
