2843 4800
723 394 730 400 .
847 330 1743 417 INTEGUMENTA.
2170 335 2318 417 227

470 500 782 607 Desunt
849 529 936 603 in
1008 529 1406 606 radicibus
1490 543 1567 608 et
1647 532 1887 608 caulis
1967 539 2319 653 partibus

279 643 827 723 subterraneis.

473 758 787 836 Adsunt
858 780 1086 858 saepe
1157 758 1242 833 in
1307 758 1529 836 caule
1589 758 1930 857 juniore,
1979 789 2322 864 praeser-

280 872 430 947 tim
493 870 973 956 succulento,
1041 870 1589 949 oblitterantur
1650 876 1736 949 in
1802 876 2215 953 arboribus
2249 896 2326 957 et

282 984 702 1062 fruticibus
755 984 1004 1081 (Rud.
1053 1011 1126 1084 p.
1179 990 1290 1063 70.
1342 988 1525 1083 71.).

480 1098 1189 1201 Frequenti'ssimae
1249 1115 1436 1175 sunt
1493 1101 1577 1174 in
1641 1098 1886 1191 foliis,
1951 1096 2180 1206 saepe
2240 1108 2336 1197 in¹

288 1227 626 1313 utraque
721 1212 1045 1314 pagina,
1140 1227 1217 1288 et
1308 1213 1639 1314 quidem
1723 1215 2000 1294 eadem
2083 1222 2326 1320 copia.

298 1327 680 1427 Superior
747 1326 1029 1426 pagina
1102 1326 1198 1400 iis
1265 1339 1471 1401 caret
1531 1327 1614 1399 in
1680 1325 1891 1404 foliis
1965 1331 2330 1409 coriaceis
2436 1332 2452 1348 ”

298 1441 681 1540 (exceptis
742 1439 1249 1534 linearibus),
1314 1439 1399 1513 in
1451 1440 1867 1517 arboribus
1918 1457 1993 1519 et
2037 1445 2330 1522 frutici·

297 1554 452 1629 bus
503 1554 702 1650 (exc.
749 1553 1073 1638 Palmis,
1126 1553 1533 1649 Syringa),
1587 1556 2094 1654 Cyperoideis
2145 1562 2331 1658 (exc.

302 1668 580 1768 Scirpo
644 1660 1122 1763 maritimo),
1221 1666 1636 1743 Orchideis
1683 1668 2106 1771 plerisque,
2154 1674 2337 1749 Fili-

300 1782 522 1856 cibus
586 1794 664 1856 et
704 1780 1075 1876 -Cycade,
1142 1779 1486 1878 aliisque.
1619 1784 2001 1882 Superior
2057 1787 2337 1885 pagina

297 1894 697 1971 minorem
763 1895 1076 1993 copiam
1137 1892 1402 1978 habet,
1471 1893 1553 1967 in
1602 1896 1996 1972 Bromelia
2045 1901 2335 1984 Anana.

298 2010 752 2095 Dictamno,
800 2005 1321 2084 Hemerocalli
1375 2004 1585 2082 fulva
1626 2022 1760 2084 etc.
1858 2009 2138 2086 Rarius
2172 2035 2335 2086 ma,-

299 2120 548 2221 jorem
602 2123 913 2223 copiam
981 2122 1234 2207 habet,
1284 2135 1376 2195 ut
1423 2118 1503 2194 in
1555 2122 2340 2200 Primula'Auricula.

302 2239 689 2338 Superior
749 2235 1031 2337 pagina
1097 2234 1261 2310 sola
1327 2234 1453 2310 his
1503 2235 1876 2311 instructa
1929 2251 2041 2311 est
2087 2238 2170 2311 in
2222 2236 2342 2314 fo-

302 2351 425 2427 liis
473 2350 921 2428 natantibus
986 2363 1061 2425 et
1116 2348 1603 2450 resupinatis.
1711 2353 1804 2426 In
1854 2352 2125 2451 paucis
2174 2348 2343 2429 non

304 2467 824 2566 reperiuntur.
936 2461 1157 2537 Folia
1222 2464 1551 2539 maculis
1613 2465 1873 2539 rubris
1920 2467 2347 2563 variegatae

310 2594 391 2656 et
438 2581 523 2653 in
570 2576 899 2653 maculis
948 2574 1257 2653 habent.
1352 2577 1626 2676 Ligula
1663 2592 1869 2653 caret
1915 2578 2104 2675 (Cfr.
2139 2577 2346 2657 Rud.

309 2722 384 2796 P·
436 2698 551 2770 73·
603 2690 885 2791 seqq..)

506 2804 855 2907 Stipulae
922 2817 1000 2879 et
1058 2804 1410 2880 bracteae
1474 2805 1599 2881 his
1657 2804 2078 2880 instructae
2147 2820 2350 2894 sunt,

310 2921 427 2998 uti
500 2919 721 3006 folia,
796 2929 873 2993 at
931 2918 1316 2994 scariosae
1377 2919 1853 3021 plerumque
1919 2913 2352 3032 destituun-

312 3049 446 3111 tur
492 3032 876 3132 (Grundl.
928 3031 1001 3107 d.
1051 3039 1193 3108 An.
1242 3058 1314 3132 p.
1369 3031 1674 3140 105..)

507 3152 599 3224 In
662 3146 1090 3246 perigoniis
1158 3145 1475 3232 adsunt,
1528 3159 1662 3220 aut
1707 3144 1792 3220 in
1839 3159 2174 3252 utraque
2221 3171 2355 3249 pa-

318 3260 518 3358 gina,
570 3273 704 3337 aut
749 3260 833 3333 in
886 3260 1294 3348 exteriore,
1345 3259 1637 3335 desunt
1681 3272 1943 3335 tamen
1992 3261 2077 3335 in
2127 3260 2357 3336 variis

318 3374 498 3452 Allii
573 3373 1001 3475 speciebus.
1121 3378 1215 3450 In
1290 3374 1544 3471 calyce
1619 3361 1933 3474 semper
1993 3373 2159 3450 fere
2225 3373 2359 3450 ad·

319 3500 523 3574 sunt,
575 3500 653 3562 et
698 3487 781 3560 in
818 3485 1210 3569 colorat0;
1257 3487 1727 3589 plerumque
1775 3488 1859 3565 in
1909 3489 2187 3592 pagina
2239 3512 2362 3566 ex·

217 3647 222 3652 ·
317 3602 638 3687 teriore,
704 3601 939 3675 etiam
1003 3599 1410 3685 interiore,
1474 3601 1538 3675 si
1589 3601 1804 3697 calyx
1850 3616 2060 3704 patet
2108 3600 2361 3700 (Rud.

318 3742 394 3815 p.
442 3719 560 3793 87.
607 3714 779 3809 88).
854 3714 1033 3792 -Ubi
1084 3712 1344 3815 psshylla
1394 3727 1590 3789 tecta
1641 3728 1842 3801 sunt,
1892 3706 2229 3791 subinde
2278 3713 2364 3792 in

321 3827 693 3903 lateribus
743 3849 911 3903 non
964 3825 1671 3929 deprehenduntur
1718 3825 2239 3924 (Grundlehr.
2287 3824 2365 3901 d.

324 3941 542 4017 Anat.
592 3967 667 4041 p.
722 3942 953 4039 109.).
1083 3946 1176 4018 In
1242 3941 1560 4017 corollis
1607 3941 1855 4016 rarius
1907 3951 2370 4024 occurrunt}

321 4053 843 4132 inveniuntur
889 4056 1230 4133 subinde
1276 4070 1542 4133 tamen
1589 4055 1674 4130 in
1710 4051 2026 4132 corollis
2065 4053 2372 4151 magnis

1629 4170 1779 4242 15·
