2843 4800
405 422 410 428 .
532 336 638 417 2⁰
1002 285 1017 421 ⁴,
1196 389 1203 395 .
1312 332 1803 417 PLANTA.

733 533 830 621 In
928 529 1397 610 animalibus
1469 555 1660 610 vero
1701 529 2140 633 ejusmodi
2218 534 2590 638 polaritas

537 646 814 739 saltem
858 645 948 721 in
992 642 1594 748 perfectioribus
1641 646 1766 723 vix
1814 649 2314 750 conspicitur.

729 764 920 837 Duo
995 759 1124 836 alii
1194 773 1383 835 sunt
1442 758 1673 836 modi
1739 764 2267 865 oppositionis
2332 763 2418 838 in
2467 786 2590 840 re-

539 900 728 953 rum
797 886 1098 949 natura.
1231 874 1506 950 Primo
1580 874 1836 952 modo
1911 876 2107 952 locis
2203 877 2589 978 oppositis

536 988 757 1066 idem
806 985 918 1076 fit,
963 985 1068 1063 ita
1115 1011 1326 1076 vero,
1357 1002 1468 1077 ut,
1502 988 1566 1064 si
1615 988 1775 1065 hoc
1825 1004 2216 1090 augeatur,
2252 991 2587 1067 alterum

540 1103 834 1182 eodem
893 1099 1152 1177 modo
1221 1116 1625 1201 augeatur,
1689 1117 1825 1179 aut
1871 1105 1948 1193 si,
1984 1105 2143 1180 hoc
2193 1102 2587 1181 diminua-

537 1232 695 1306 tur,
723 1215 1059 1292 alterum
1095 1213 1385 1292 eodem
1415 1215 1671 1307 modo
1711 1215 2220 1295 diminuatur.
2315 1219 2586 1315 Altero

404 1406 405 1409 ,
489 1356 495 1402 t
536 1328 793 1412 modo
840 1328 1040 1428 locis
1091 1329 1475 1431 oppositis
1523 1328 1745 1422 idem
1791 1330 1886 1408 fit
1932 1347 2069 1410 aut
2101 1332 2584 1433 oppositum,

479 1451 502 1517 “f
528 1446 642 1526 ‚ita
689 1467 918 1531 vero,
987 1455 1083 1519 ut
1128 1443 1193 1517 si
1241 1442 1400 1520 hoc
1454 1440 1864 1534 decrescat,
1914 1446 2249 1522 alterum
2296 1446 2588 1521 incres-

538 1574 663 1637 cat
722 1572 801 1636 et
844 1557 1013 1634 vice
1060 1580 1298 1645 versa,
1399 1556 1559 1653 Qui
1608 1556 1939 1660 quidem
1987 1559 2215 1637 modi
2266 1587 2309 1636 a
2364 1557 2589 1661 pola..

535 1673 761 1750 ritate
806 1670 1087 1773 utique
1138 1668 1696 1769 distinguendi.
1791 1674 2171 1769 Priorem
2237 1671 2589 1751 modum

393 1792 405 1857 ἶ
533 1786 1158 1887 antagonismum
1234 1810 1636 1876 vocemus),
1729 1786 2065 1866 alterum
2159 1788 2583 1876 antithesin,

535 1902 665 1979 cui
736 1900 1013 1979 tertius
1064 1897 1379 1987 accedit,
1416 1900 1808 2001 polan-itm.
1923 1902 2007 1997 Si
2055 1898 2172 1989 id,
2222 1898 2450 2001 quod
2497 1899 2585 1974 in

533 2041 620 2097 se
663 2013 1066 2090 inclusum
1119 2026 1197 2088 et
1239 2011 1696 2089 involutum
1747 2016 1970 2117 quasi
2023 2028 2168 2103 est,
2230 2012 2333 2089 ad
2400 2036 2582 2090 evo-

531 2128 927 2206 lutionem
998 2127 1371 2228 pervenit,
1443 2126 1532 2201 in
1604 2127 1773 2205 duo
1836 2128 2075 2208 latera
2136 2124 2445 2213 secedat
2493 2135 2584 2204 'et

388 2302 393 2306 -
531 2242 788 2321 tribus
836 2239 1107 2316 modis
1138 2241 1507 2342 expositis
1541 2264 1710 2339 sese
1739 2241 2025 2320 habeat
2053 2266 2369 2320 necesse
2402 2254 2533 2341 est.

724 2359 823 2434 In
883 2354 1236 2458 partibus
1294 2353 1607 2458 plantae
1652 2381 1834 2453 vera
1883 2381 2053 2435 non
2104 2355 2585 2459 conspicitur

530 2471 938 2575 polaritaS,
999 2469 1142 2546 sed
1198 2469 1490 2572 reliqui
1536 2470 1770 2547 modi
1811 2472 1904 2556 in
1951 2473 2307 2573 partibus
2355 2471 2580 2549 solia-

534 2586 692 2666 ceis
753 2583 1212 2689 praesertim
1272 2608 1443 2660 non
1501 2609 1683 2660 raro
1750 2585 2366 2686 conspiciuntur.
2485 2589 2581 2662 In

531 2699 747 2777 foliis
796 2712 934 2775 aut
977 2713 1316 2798 utraque
1366 2698 1806 2775 extremitas
1853 2712 2243 2778 attenuata
2280 2699 2583 2797 decres-

534 2813 671 2903 cit,
722 2825 859 2890 aut
921 2811 1122 2890 dum
1191 2810 1427 2888 altera
1489 2812 1856 2890 obtusata
1924 2826 2270 2915 apparet,
2335 2812 2579 2900 ‚altera

530 2926 641 3004 in·
686 2950 1022 3008 acumen
1069 2925 1386 3002 desinit.
1517 2929 1621 3004 Et
1673 2952 1947 3004 ramus
2020 2927 2219 3025 ips'e,
2299 2937 2581 3025 utpote

424 3114 430 3120 .
530 3041 799 3143 planta
854 3040 1306 3143 peculiariS,
1383 3040 1585 3118 dum
1642 3040 1727 3114 in
1804 3039 2037 3114 altera
2103 3038 2580 3114 extremitate

530 3156 825 3233 florem
867 3153 1317 3230 fructumve
1362 3150 1667 3254 profert
1707 3147 2067 3242 secundo
2134 3151 2388 3230 modo
2449 3153 2578 3248 ,in-

534 3282 1018 3347 crescentem
1066 3289 1251 3354 sese
1283 3265 1614 3341 exhibet.
1694 3330 1697 3334 .
1995 3287 1999 3291 *

539 3483 683 3594 15.
804 3478 1214 3572 Plantae
1275 3484 1683 3577 membris
1740 3477 2260 3600 praeditae
2324 3495 2600 3586 sunt,

657 3647 867 3714 seu.
906 3619 1361 3780 partibus
1447 3649 1508 3712 a
1589 3607 2008 3742 reliquis
2090 3621 2574 3713 distinctis

657 3774 762 3855 et
816 3760 1238 3882 propria
1294 3758 1821 3896 fimetione
1882 3761 2452 3876 insignibus

727 3949 1152 4049 Crystallus
1201 3974 1390 4028 cum
1440 3895 1611 4029 orta
1661 3964 1794 4039 est,
1841 3927 2186 4026 moritur
2235 3964 2311 4025 et
2355 3972 2574 4046 mor-

530 4077 670 4142 tua
744 4065 1119 4167 persistit,
1199 4064 1441 4142 nullis
1510 4065 1751 4164 igitur
1808 4063 2191 4160 membris
2259 4077 2335 4140 et
2392 4061 2573 4138 sun-

531 4179 928 4258 ctionibus
977 4194 1179 4280 eget,
1227 4194 1319 4258 ut
1364 4180 1607 4258 vitam
1655 4191 2076 4256 conservet.
