2843 4800
1051 328 1496 404 CAULIS.
2144 329 2281 401 137

259 526 453 603 dicis
521 527 780 626 aliqua
839 524 1101 625 portio
1167 537 1414 600 terrae
1465 521 1901 624 superficiei
1954 522 2283 597 vicinior

255 664 565 715 novum
618 638 918 713 caulem
967 664 1299 726 sursum,
1350 663 1591 713 novas
1625 637 1859 712 fibras
1894 635 2050 710 sive
2081 635 2283 709 radi-

260 754 472 828 culas
524 753 900 827 deorsum
952 750 1290 827 effundit
1337 751 1707 849 (Iungius
1725 749 1778 845 ).

450 881 855 958 Unicaulis
905 895 1047 967 est,
1116 907 1317 981 quae
1373 906 1462 956 ex
1508 904 1675 956 uno
1725 876 1981 953 fundo
2029 902 2288 954 unum

264 996 569 1071 caulem
654 995 810 1068 sive
894 994 1294 1070 caudicem
1374 992 1706 1095 profert,
1797 992 2289 1080 multicauliS,

264 1134 467 1210 quae
532 1134 621 1183 ex
687 1107 970 1184 eodem
1033 1106 1286 1185 fundo
1348 1109 1611 1209 plures
1679 1105 1933 1180 caules
2005 1104 2286 1180 fundit.

269 1222 736 1323 Simpliciter
796 1221 1265 1297 multicaulis
1331 1236 1470 1308 est,
1554 1245 1753 1321 quae
1813 1219 2075 1319 plures
2121 1245 2292 1310 uno*

267 1333 621 1434 ejusdem
669 1334 967 1410 indolis
999 1331 1456 1410 fert'caules.
1550 1332 1998 1410 Biformiter
2026 1333 2293 1408 multi-

267 1449 540 1535 cauliS,
607 1473 807 1549 quae
884 1448 1226 1524 diversae
1288 1447 1585 1523 indolis
1665 1447 1918 1523 caules
1992 1445 2294 1549 profert

269 1560 700 1659 (Iungius).

462 1691 740 1769 Caules
846 1692 1192 1767 laterales
1302 1693 1384 1766 in
1483 1691 1743 1792 planta
1842 1690 2295 1791 simpliciter

266 1805 696 1882 multicauli
745 1807 1102 1882 cauliculi
1142 1805 1399 1883 vocari
1450 1818 1804 1906 possunt.

453 1934 909 2011 Biformiter
968 1934 1443 2011 multicaulis
1510 1935 1770 2036 planta
1844 1946 2045 2009 extra
2117 1959 2292 2012 cau-

265 2047 423 2123 lem
503 2049 1000 2148 primarium,
1093 2048 1284 2122 alios
1381 2047 1729 2124 laterales
1815 2046 2120 2135 emittit,
2219 2064 2296 2125 et

265 2160 592 2262 quidem
657 2159 988 2259 duplicis
1056 2162 1388 2258 generis,
1453 2176 1586 2237 aut
1647 2160 1792 2235 sub
1853 2173 2050 2236 terra
2111 2189 2295 2262 pro-

264 2289 657 2375 serpentes
738 2273 996 2354 ‚donec
1080 2290 1511 2373 emergant,
1616 2273 1804 2349 solia
1898 2273 2293 2377 floresque

260 2385 694 2489 proferant,
758 2413 959 2487 quos
1005 2393 1327 2466 stolones
1381 2388 1834 2474 dixerimus,
1893 2406 2025 2466 aut
2061 2418 2295 2492 supra

259 2516 556 2576 terram
605 2515 991 2602 serpentes
1024 2516 1120 2607 ,et
1164 2526 1331 2577 non
1380 2528 1558 2577 raro
1607 2501 2056 2592 radicantes
2093 2531 2294 2606 quos

237 2616 569 2717 flagella
616 2638 886 2689 vocare
935 2615 1128 2691 licet.
1595 2630 1600 2637 ’

463 2741 824 2818 Stolones
890 2744 1289 2819 interdum
1348 2744 1576 2821 valde
1634 2746 2159 2820 incrassantur
2223 2762 2298 2821 et

257 2859 782 2942 tuberascunt,
819 2858 1035 2932 caule
1069 2859 1452 2957 primario
1487 2860 1934 2934 abbreviato
1975 2874 2048 2934 et
2080 2860 2294 2934 brevi

260 2984 792 3070 permanente.
907 2975 1161 3046 Hosce
1223 2972 1568 3047 stolones
1631 2971 1929 3046 radices
1976 2974 2297 3046 tubero-

262 3108 388 3156 sas
450 3080 737 3157 vocant
801 3099 934 3159 aut
993 3080 1455 3171 rhizomata,
1519 3085 1601 3157 in
1651 3083 1924 3160 Irideis
1975 3084 2299 3186 aliisque

258 3196 1052 3294 Monocotyledoneis
1102 3197 1569 3300 frequentes,

258 3465 407 3555 89.
540 3461 865 3556 Caulis
965 3469 1463 3557 rarissime
1569 3466 2038 3557 indivisus
2138 3483 2308 3570 est,

389 3605 959 3722 saepissime
1032 3622 1364 3725 partes
1440 3608 1627 3717 sibi
1705 3608 2069 3697 similes
2134 3622 2302 3696 aut

392 3778 696 3832 ramos
828 3745 1255 3863 profert,
1403 3760 1501 3834 et
1634 3745 2038 3865 quidem
2188 3774 2300 3832 ex

392 3882 676 3999 apice
755 3888 987 4001 (per
1078 3885 1914 3994 innovationem),
1998 3898 2168 3973 aut
2231 3874 2297 3973 ⁴e

391 4050 785 4134 gemma
871 4025 978 4111 in
1074 4024 1348 4113 axilla
1451 4023 1696 4126 folii,
1797 4052 1990 4113 nec
2086 4052 2306 4117 non
