2843 4800
951 367 1704 450 STRUCTURA.
2093 490 2104 501 .
2259 375 2359 449 85
2461 367 2466 371 ⁴

288 568 634 671 implexa
726 566 1329 667 conspiciuntur
1413 569 1498 645 in
1585 568 1793 646 libro
1892 585 2352 672 praeparato

293 683 816 762 Taitensium.
929 682 1151 758 Folia
1216 682 1579 759 Phormii
1641 684 1962 772 tenacis,
2026 689 2353 762 Brome-

286 800 443 876 liae
491 803 850 883 Ananae,
898 795 1375 895 plantaginis
1423 793 1781 894 majoriS,
1844 810 2107 874 cortex
2154 800 2351 877 inte-

283 916 465 992 rior
525 911 812 989 radicis
878 910 1094 989 Ulmi
1158 937 1334 987 vasa
1402 912 1811 988 continent
1857 910 2083 991 facile
2131 940 2350 1018 sepa-

284 1028 541 1106 randa
592 1026 953 1123 elongata
1002 1026 1321 1101 tenacia.

484 1146 580 1219 In
630 1137 1026 1219 Coniferis
1074 1137 1571 1240 praesertim.
1604 1138 1820 1216 Pinis
1878 1139 2136 1218 multo
2183 1168 2350 1221 ma·

286 1258 408 1357 gis
457 1270 698 1343 recta,
745 1253 1018 1328 minus
1077 1252 1411 1354 implexa
1466 1267 1542 1330 et
1590 1253 1971 1355 ampliora
2023 1271 2210 1334 sunt
2259 1284 2347 1335 ac

280 1373 376 1448 in
408 1371 731 1471 reliquis
767 1366 1204 1444 arboribus,
1269 1365 1426 1444 Cfr.
1462 1373 1551 1442 T.
1589 1372 1653 1442 l.
1687 1365 1735 1441 f.
1770 1373 1837 1443 9.
1874 1372 1988 1444 15.
2042 1394 2084 1445 e
2119 1370 2340 1470 ligno

281 1485 470 1562 Pini
522 1483 781 1561 Strobi
836 1480 1237 1559 exteriore.
1336 1481 1681 1558 Arbores
1731 1481 2166 1558 calidarum
2222 1508 2344 1561 re-

290 1598 627 1697 gionum
699 1595 959 1696 ampla
1031 1595 1356 1681 habent,
1433 1618 1494 1669 e.
1545 1616 1613 1692 g.
1715 1594 2040 1672 Coffeae
2097 1597 2343 1675 brasi-

285 1712 602 1799 lienses,
676 1710 1037 1812 quamvis
1110 1709 1419 1807 lignum
1505 1708 2042 1784 durissimum.
2151 1715 2338 1789 Am-

281 1826 456 1930 plas
518 1835 845 1927 quoque
891 1824 1129 1900 video
1182 1822 1770 1921 angustioribus
1819 1822 2194 1901 immixtis
2252 1826 2338 1902 in

286 1942 652 2019 Cobaeae
700 1938 1144 2016 scandentis
1196 1937 1415 2013 caule
1462 1936 1868 2013 celerrime
1902 1952 2313 2016 crescente.

279 2142 425 2236 54.
474 2189 479 2196 ’
552 2137 1113 2237 Continent
1176 2144 1528 2230 cellulae
1586 2170 1901 2229 succos
1929 2140 2336 2261 liquidos.

404 2297 577 2375 aut
637 2302 989 2375 tenaces
1047 2312 1709 2402 grumososque‚
1758 2292 1948 2369 auf
1977 2280 2087 2370 in
2126 2310 2340 2402 ἕψω

405 2430 618 2514 nula
722 2435 1257 2514 concretos
1329 2427 1995 2541 mucilaginosa,
2098 2456 2333 2543 amy-

409 2568 688 2663 lacea,
751 2570 1152 2654 resinosa
1215 2575 1316 2653 et
1373 2565 2069 2653 membranacea.

486 2737 781 2812 Succos
839 2734 1277 2834 continere.
1321 2733 1640 2812 cellulas
1713 2748 1851 2811 aut
1916 2733 2334 2812 decolores

277 2866 418 2929 aut
483 2850 877 2927 coloratos
940 2863 1057 2925 sat
1121 2850 1647 2951 conspicuum
1699 2862 1831 2925 est.
1943 2849 2331 2952 Liquidos

278 2991 445 3044 esse
509 2963 921 3069 pressione
982 2963 1505 3061 cognoscitur.
1600 2967 1787 3037 Non
1839 2961 2107 3039 solum
2153 2989 2330 3065 par-

282 3081 665 3179 enchyma
729 3099 1011 3154 succos
1073 3077 1469 3155 coloratos
1536 3076 1888 3152 continet
1935 3074 2077 3151 sed
2127 3101 2334 3177 quo-

282 3218 443 3295 que
471 3191 1069 3295 proseuchyma,
1104 3206 1181 3269 at
1227 3216 1400 3267 vasa
1449 3186 1745 3266 fibrosa
1796 3213 2111 3294 semper
2157 3214 2333 3266 suc-

278 3332 421 3385 cos
472 3308 882 3385 decolores
927 3307 1246 3383 vehunt.

473 3423 705 3499 Succi
737 3436 1048 3498 tenaces
1083 3435 1218 3498 aut
1244 3418 1537 3497 virides
1571 3434 1758 3496 sunt
1790 3445 1834 3498 e
1857 3422 2182 3499 materia
2206 3447 2328 3499 re-

275 3537 540 3614 sinosa
575 3560 821 3638 quam
857 3534 1502 3637 chlorophyllum
1534 3549 1821 3612 vocant
1866 3551 2329 3624 constantes,

277 3665 411 3727 aut
451 3650 706 3738 flavi,f
733 3651 1018 3728 uscive.
1079 3650 1179 3727 Hi
1220 3649 1306 3727 in
1346 3649 2006 3751 proseuchymate
2055 3677 2329 3730 occur-

273 3778 482 3852 runt,
514 3765 627 3841 illi
678 3766 803 3842 vix
851 3789 1232 3866 unquam.
1299 3766 1530 3843 Succi
1562 3767 1919 3863 grumosi
1952 3767 2204 3843 rarius
2244 3764 2329 3843 in
2422 3848 2425 3852 ,

272 3878 884 3987 parenchymate
933 3893 1364 3956 occurrunt
1411 3894 1490 3958 et
1533 3881 1869 3958 resinosi
1915 3878 2305 3956 videntur.

468 3993 820 4088 Granula
912 3993 1300 4093 amylacea
1390 3995 1700 4097 primus
1794 3993 2324 4106 demonstravi

275 4106 808 4200 (Grundlehr.
882 4135 955 4210 p.
1029 4109 1213 4207 32).
1331 4109 1904 4211 Frequentiora
1979 4123 2166 4185 sunt
2243 4109 2326 4184 in

271 4219 572 4297 cellulis
668 4220 1296 4325 parenchymatis
1376 4221 1834 4326 praesertim
1933 4221 2328 4299 seminum
