2843 4800
512 321 656 396 102
1152 277 1895 400 s'rRUcTURA.
1982 287 2000 296 ’

705 518 1202 608 Lichenihus,
1251 519 1482 618 mgis,
1531 486 1825 617 Fungis
1863 520 2201 596 omnino
2238 518 2568 605 desunt;

519 633 1247 735 Cryptophytorum
1270 627 1602 710 nomine
1627 633 1769 710 has
1792 634 2094 737 plantas
2122 629 2549 732 distinguo.

519 874 661 968 65.
764 867 1049 964 ’Vasa
1139 881 1525 997 proptia
1616 902 2033 964 succum
2126 872 2570 965 lacteum

641 1028 812 1103 aut
849 1027 854 1035 '
898 1012 1298 1126 flavum,
1393 1014 1479 1104 si
1528 1012 2046 1126 adsuerit,
2143 1013 2620 1126 vehuntg'

642 1145 759 1242 si'
830 1151 1289 1257 desuerit,
1388 1152 1930 1272 limpidum
2022 1154 2574 1272 hyalinum,

602 1294 1533 1384 *constrictionibus
1625 1294 1933 1407 magis
2025 1296 2569 1414 minusque

516 1459 522 1464 ·
641 1430 1342 1550 frequentibus
1441 1434 2161 1549 dignoscenda,
2258 1449 2572 1525 extre-

639 1572 1183 1664 mitatibus·
1238 1574 1429 1684 sibi
1530 1573 1988 1696 apposita
2097 1560 2314 1666 non
2413 1605 2569 1666 ra-

640 1741 950 1803 mosa.

715 1888 1015 1962 Succus
1066 1888 1462 1963 coloratus
1510 1886 1958 2019 plantarum
2007 1888 2401 1964 Botanicis
2435 1911 2574 1964 an-

519 2024 689 2074 sam
768 2002 1134 2100 praebuit
1206 2000 1305 2076 de
1378 2004 1576 2077 vasis
1650 2002 2096 2104 plantarum
2162 2003 2572 2114 loquendi,

521 2109 656 2189 cfr.
696 2111 945 2189 Andr.
999 2116 1317 2217 Spigelii
1362 2118 1798 2212 Isagogen
1777 2141 1861 2190 m
1895 2142 2068 2192 rem
2102 2109 2573 2194 herbariam.
2605 2141 2610 2144 ·

518 2232 770 2304 Patav.
833 2231 1043 2306 1606.
1107 2234 1173 2306 4.
1258 2234 1496 2331 Oper.
1563 2234 1804 2307 Amst.
1869 2235 2079 2306 1640.
2140 2229 2275 2306 fol.
2354 2236 2434 2308 L.
2504 2237 2573 2307 1.

523 2366 583 2417 c.
617 2345 683 2419 3.
747 2344 1112 2421 Mariotte
1143 2348 1360 2423 Essai
1398 2344 1472 2422 d.
1503 2345 1817 2447 Physiq.
1852 2350 1917 2422 1.
1950 2349 2112 2423 Ess.
2157 2351 2323 2488 Par.
2357 2351 2574 2425 1697.

522 2460 764 2534 12mo
817 2487 890 2561 Ρ.
940 2465 1055 2536 64.
1107 2465 1219 2538 72.

714 2574 874 2672 Hill
949 2576 1439 2674 (Construct.
1516 2574 1616 2652 of
1673 2508 1967 2651 timber
2028 2602 2120 2676 Ρ.
2168 2575 2366 2674 78.)
2392 2596 2594 2656 vasa‘

518 2687 840 2788 propria
888 2713 1056 2766 non
1106 2691 1313 2765 male
1361 2691 1751 2765 indicavit.

518 2804 521 2807 ‘
712 2802 1149 2880 Bernhardi
1217 2806 1461 2903 (Ueb.
1524 2802 2078 2902 Pflanzengefi
2110 2830 2178 2903 p.
2228 2805 2395 2899 54.)
2444 2831 2578 2881 va·-

522 2915 675 2992 rias
752 2918 852 2996 de
923 2919 1047 2995 his
1124 2919 1712 2996 observationes
1792 2916 2148 3004 tradidit,
2244 2913 2386 2990 sed
2471 2918 2574 2995 ad

522 3056 699 3107 vasa
733 3032 1054 3134 propria
1085 3035 1478 3110 Pinorum
1511 3048 1817 3109 tantum
1863 3030 2211 3129 respexit.
2285 3034 2578 3132 Spren-

468 3196 471 3197 ν
523 3145 647 3243 gel
715 3147 911 3222 olim
979 3148 1301 3245 (Anleit.
1371 3173 1432 3221 z.
1483 3152 1820 3221 Kenntn.
1873 3143 1944 3218 d.
2000 3146 2208 3220 Ge-vv.
2259 3146 2402 3221 Ed.
2457 3148 2572 3245 1.)

523 3259 875 3355 neglexit.
969 3261 1370 3362 Equidem
1419 3261 1736 3335 lacunas
1784 3259 1986 3334 intra
2034 3250 2271 3334 teiam
2334 3261 2575 3336 cellu-

523 3371 779 3447 losam
831 3387 1217 3449 excavatas
1269 3399 1436 3450 esse
1483 3375 1750 3475 putavi
1827 3374 2209 3472 (Grundl.
2258 3403 2332 3477 p.
2374 3362 2572 3472 fist).

528 3486 999 3563 Treviranus
1084 3486 1185 3563 ad
1254 3503 1563 3564 meatus
1643 3489 2252 3569 intercellulares
2335 3488 2616 3565 refert‘

528 3601 664 3701 (V.
711 3600 890 3675 inw.
951 3605 1122 3679 Bau
1179 3629 1253 3704 p.
1307 3604 1468 3701 72.)
1519 3619 1694 3679 tum
1742 3631 1930 3680 vero
1986 3605 2575 3681 observationes

530 3713 913 3817 quasdam
992 3716 1299 3794 addidit
1379 3735 1767 3795 accuratas
1852 3722 2147 3818 (Beytr.
2228 3746 2301 3820 Ρ.
2384 3718 2573 3817 41.),

525 3831 818 3907 Mirhel·
890 3858 1073 3908 cum
1146 3833 1344 3908 vasis
1419 3832 1735 3910 fibrosis
1816 3828 2181 3937 ebnfudit
2246 3835 2574 3934 (ExpOS.

532 3972 600 4045 p.
665 3950 832 4022 250.
897 3949 1141 4045 367),
1216 3949 1505 4033 Kieser,
1554 3949 1649 4025 ad
1701 3961 2007 4023 meatus
2054 3946 2576 4025 intercelluiass

530 4083 651 4135 res
700 4059 937 4138 refert
985 4062 1388 4139 Trevirani
1437 4086 1773 4167 sequens
1808 4064 2290 4152 sententiam,
2326 4087 2576 4165 quam
