2843 4800
554 330 668 440 aa⁴
805 290 809 295 ’
1191 288 1201 298 ’
1345 329 1833 410 PLANTA„

560 602 565 613 ,
746 532 862 607 Ex
908 526 1035 612 his
1066 529 1464 607 omnihus
1512 524 1916 618 videmus,
1977 528 2378 631 quosdam
2409 531 2611 610 cha,

466 684 469 689 ·
555 657 888 722 racteres
931 668 1104 735 sese
1155 645 1558 733 attrahere,
1589 658 1683 725 ut
1714 645 2166 746 saepissime
2203 643 2608 744 conjuncti

556 775 1004 850 occurrant,
1079 759 1274 837 alios
1344 784 1518 839 sese
1588 759 2005 861 repe-llere,-
2073 775 2166 838 ut
2214 760 2389 837 rari.
2422 785 2611 838 con-

556 870 804 973 iuncti
857 889 1294 951 occurrant.
1372 958 1383 961 ἢ

557 1175 701 1270 29.
824 1171 1344 1263 Transitus
1430 1200 1548 1262 ex
1624 1200 1831 1262 una
1900 1170 2382 1264 divisione
2445 1171 2611 1292 Sy·

682 1313 1126 1405 stematis
1189 1310 1633 1404 Naturae
1696 1314 2138 1432 naturali
2193 1314 2304 1404 in
2378 1315 2609 1405 alte-

560 1518 565 1519 *
677 1484 904 1545 ram
948 1451 1127 1544 fit.
1189 1459 1740 1557 involutione,
1830 1457 2390 1579 indicatione,
2468 1489 2610 1545 ac-

683 1627 950 1686 CRSSU.

751 1790 1161 1867 Transitus
1229 1814 1271 1866 e
1335 1771 1586 1888 regno
1651 1788 2059 1888 vegetabili
2123 1789 2225 1866 ad
2275 1788 2609 1866 animale

554 1906 876 1982 nonnisi
925 1931 1079 2007 per,
1112 1904 1693 2007 imperfectiora
1727 1901 1821 1978 fit
1854 1928 2191 2005 corpora
2227 1905 2610 2003 organica

552 2020 638 2097 in
689 2020 981 2121 quibus
1045 2019 1315 2094 omnia
1384 2014 1648 2093 adhuc
1696 2017 2051 2096 involuta
2105 2033 2181 2095 et
2229 2019 2451 2119 quasi
2502 2019 2608 2099 la·-

551 2134 792 2210 tentia
842 2147 1045 2208 sunt.
1157 2136 1310 2209 Per
1349 2131 1939 2213 'Oscillatoriam
1991 2148 2068 2210 et
2122 2132 2608 2215 Bacillariam

552 2247 1008 2346 vegetabilia
1076 2244 1176 2323 ad
1242 2246 1606 2323 animalia
1678 2261 2117 2336 transeunt,
2189 2271 2334 2348 per
2399 2254 2608 2331 Zoo-
2669 2334 2674 2337 ,

552 2363 793 2466 phyta
868 2360 1232 2440 animalia
1312 2361 1417 2440 ad
1488 2361 1963 2460 vegetabilia.
2079 2366 2381 2462 Omnes
2441 2361 2606 2440 fere

557 2478 1038 2555 characteres
1087 2476 1636 2565 involvuntur,
1716 2491 1810 2553 ut
1850 2477 2011 2553 alio
2061 2475 2315 2553 modo
2371 2479 2606 2579 expli-

557 2605 851 2668 centur.
948 2593 1087 2668 Est
1132 2591 1503 2676 transitus
1551 2606 1644 2678 ut
1688 2591 1795 2668 ita
1846 2591 2203 2669 dicamus
2250 2592 2594 2694 polaris„

748 2705 1159 2782 Transitus
1217 2730 1362 2807 per
1423 2703 1993 2784 indicationem
2054 2732 2225 2784 non
2283 2709 2369 2784 in
2430 2720 2603 2783 toto

553 2846 892 2923 corpore
964 2818 1090 2908 fit,
1146 2820 1305 2896 sed
1355 2819 1442 2895 in
1493 2820 1935 2899 charactere
1977 2822 2378 2922 quodam,
2465 2822 2605 2918 qui

549 2936 800 3034 magis
862 2934 1226 3019 minusve
1266 2948 1407 3016 „est
1472 2935 1912 3037 explicatus.
2035 2939 2131 3012 In
2183 2929 2647 3032 Composis
2698 2930 2702 2934 ’

549 3052 649 3130 tis
716 3075 775 3126 e.
826 3072 896 3149 g.
947 3048 1215 3151 pale-ae
1264 3048 1491 3129 floris
1537 3046 1962 3149 compositi
2014 3060 2199 3122 sunt
2245 3046 2603 3125 bracteae

552 3166 1013 3253 diminutae,
1061 3190 1371 3265 pappus
1421 3178 1538 3239 est
1586 3162 1797 3258 calyx
1848 3158 2311 3249 diminutus,
2364 3176 2444 3237 et
2490 3162 2601 3239 sic

548 3280 700 3362 hae
759 3277 1072 3381 plantae
1133 3277 1234 3352 ad
1298 3276 1480 3351 illas·
1532 3288 1969 3362 transeunt,
2036 3300 2242 3376 quae
2311 3275 2601 3358 florem

549 3417 718 3470 non
810 3391 1107 3465 habent
1193 3390 1752 3490 compositum.
1880 3390 2320 3488 Eryngium
2398 3391 2605 3468 inter

547 3500 1111 3583 Umbelliferas·
1129 3504 1405 3579 transit
1434 3503 2015 3584 inflorescentia
2048 3529 2189 3580 sua
2225 3503 2325 3580 ad
2361 3505 2603 3581 Com-

545 3619 843 3723 positas
906 3619 1398 3694 Acarnaceas.
1511 3620 1907 3696 Denticuli
1937 3675 1942 3682 -
1969 3621 2057 3695 in
2104 3616 2318 3694 foliis
2364 3622 2603 3695 Rese-

550 3735 698 3813 dae
776 3731 1150 3810 Luteolae
1211 3731 1565 3810 indicant
1638 3736 1959 3812 existere
2032 3731 2328 3835 species
2390 3730 2602 3807 foliis

546 3849 847 3952 partitis
911 3861 988 3923 et
1037 3847 1519 3948 compositis.
1621 3847 2064 3925 Glandulae
2109 3847 2195 3923 in
2245 3847 2602 3944 margine

546 3962 936 4040 foliorum
1008 3986 1177 4044 non
1256 3957 1440 4038 raro
1501 3979 1928 4042 senraturas
1995 3961 2368 4038 indicant.
2447 3963 2606 4036 ‘Est

546 4079 917 4176 transitus
965 4102 1110 4180 per
1159 4077 1600 4155 antithesin.
2037 4103 2043 4108 ·
