2843 4800
503 314 653 390 248
1362 312 1425 387 F
1441 313 1499 385 L
1520 310 1591 385 Ο
1616 312 1687 386 S.

511 510 706 587 sime
755 507 971 595 fert,¹
1002 533 1203 609 quae
1270 532 1501 608 saepe
1575 533 1617 582 a
1667 504 1876 581 foliis
1925 502 2287 607 perfectis
2340 504 2545 583 diffi-

514 623 820 713 cillime
854 622 1460 720 distinguuntur.

703 736 1210 813 Pedunculus
1271 734 1531 809 stricte
1596 732 1706 807 sic
1767 686 2021 809 (lictus
2083 734 2151 809 is
2214 747 2359 823 est,
2411 736 2544 837 qui

517 875 704 926 cum
751 849 951 925 flore
999 847 1355 924 sructuve
1408 861 1542 922 aut
1576 846 1884 935 decidit,
1932 862 2066 923 aut
2094 845 2360 924 fructu
2390 874 2556 926 ma-

517 979 699 1039 turo
755 978 832 1039 et
878 962 1311 1038 seminibus
1363 961 1662 1036 emissis
1713 985 1897 1037 cum
1928 962 2192 1038 fructu
2225 987 2557 1038 marces·
2635 1017 2641 1023 -

522 1078 626 1151 cit
706 1091 780 1153 et
859 1077 1076 1178 perit.
1208 1078 1306 1153 At
1374 1075 1661 1163 limites
1728 1099 1892 1151 non
1959 1078 2137 1153 satis
2200 1075 2560 1165 distincti,

521 1204 714 1266 teste
792 1191 1058 1287 thyrso
1127 1190 1495 1286 Syringae
1556 1187 1919 1287 vulgaris,
2002 1204 2093 1273 ut
2166 1190 2562 1268 noluerim

521 1328 763 1379 usum
816 1303 1203 1405 loquendi
1254 1318 1579 1379 mutare.
2117 1330 2128 1340 ³

719 1419 904 1494 Flos
961 1420 1237 1495 sessilis
1298 1432 1651 1505 vocatur,
1703 1419 1830 1495 cui
1881 1400 2383 1519 pedunculus
2434 1417 2567 1495 de-

529 1530 720 1618 ficit,
789 1545 922 1607 aut
982 1532 1487 1607 brevissimus
1539 1547 1669 1608 est.
1766 1534 2177 1613 Interdum
2226 1532 2379 1608 flos
2429 1558 2574 1611 seu

530 1668 853 1742 germen
926 1646 1131 1721 intra
1208 1645 1630 1721 corticem
1658 1646 2085 1747 pedunculi
2173 1646 2574 1727 nidulatur.

534 1759 893 1860 (Piper),
963 1773 1103 1834 aut
1143 1758 1643 1859 pedunculus
1706 1784 1889 1836 cum
1954 1759 2392 1836 fructibus
2385 1785 2574 1835 car-

535 1897 783 1957 nosus
836 1872 1090 1949 evadit
1139 1873 1579 1969 (Bromelia
1629 1874 2003 1969 Ananas).

728 1986 1236 2064 Pedunculus
1335 1987 1654 2087 simplex
1754 2000 1869 2062 est
1977 2002 2112 2063 aut
2207 2015 2573 2074 ramosus,

542 2102 907 2202 umflorus
973 2114 1108 2175 aut
1168 2102 1638 2203 multstorus.
1697 2200 1704 2205 ‚
1753 2100 2106 2181 Ultimus
2147 2101 2581 2207 pedunculi·
2619 2170 2622 2175 ,

539 2215 834 2289 ramosi
885 2237 1153 2289 ramus
1193 2216 1592 2313 petiti-ellus
1641 2230 1981 2289 vocatur.

736 2326 1176 2404 Peduuculi
1227 2327 1341 2402 uti
1393 2328 1625 2417 rami,
1676 2333 1946 2407 arrecti
1987 2346 2187 2419 sunt,
2228 2347 2580 2433 patentes,

545 2442 963 2529 divorti-att}
1040 2456 1212 2516 tum
1290 2443 1645 2546 singulus
1712 2460 1847 2520 aut
1919 2462 2151 2522 rectus
2230 2461 2370 2534 est,
2457 2459 2588 2521 aut

547 2568 865 2640 nutans,
922 2568 1056 2630 aut
1101 2584 1451 2645 cernam,
1506 2560 1857 2660 reflexus,
1911 2561 2232 2661 inflexus
2287 2575 2422 2636 ete.

744 2671 901 2746 Aut
947 2686 1316 2774 aequatus
1352 2687 1467 2746 est
1493 2674 1678 2769 (nec
1713 2671 2037 2762 inferne,
2076 2700 2217 2749 nec
2253 2696 2590 2773 superne

553 2783 948 2882 crassior),
1003 2798 1138 2859 aut
1185 2784 1356 2861 basi
1397 2788 1889 2874 incrassatus,
1942 2803 2090 2873 aut,
2144 2801 2219 2860 et
2264 2786 2591 2885 quidem

555 2896 1045 2996 saepissime,
1096 2902 1301 3000 αρίεε
1379 2899 2194 3026 1⁰rwrassatus.Apice
2272 2895 2590 2972 dilatato

553 3013 1177 3111 receptaculum
1210 3012 1432 3089 floris
1505 3010 1632 3088 fon
1637 3026 1823 3098 mat
1906 3011 2054 3084 nisi
2137 3011 2225 3086 in
2299 3008 2596 3110 hypan-

556 3124 817 3246 thium
868 3140 1219 3203 trauseat.

714 3239 866 3314 Ex
944 3241 1161 3316 axilla
1241 3237 1411 3315 folii
1492 3193 1970 3332 bracteaeve
2021 3217 2322 3339 prodit,
2403 3240 2597 3320 axz?-

557 3354 777 3441 leit-115,
845 3369 979 3429 aut
1052 3356 1277 3429 inter
1334 3347 1566 3426 duos·
1618 3374 1885 3425 ramos
1980 3354 2340 3451 emergit,
2435 3380 2598 3428 cen-

563 3471 806 3554 tralis,
885 3482 1019 3543 aut
1084 3491 1125 3541 e
1200 3465 1436 3540 latere
1502 3465 1701 3540 rami
1761 3464 2094 3541 caulisve
2164 3466 2360 3542 folio
2429 3466 2603 3539 bra·

566 3597 824 3685 cteeve
862 3605 1055 3655 ¹non
1096 3578 1363 3656 fultus
1418 3580 1774 3678 emergit,
1838 3582 2183 3658 lateralis.
2286 3575 2602 3679 Triplici
2721 3613 2724 3616 ·

564 3696 818 3790 modo
865 3695 1044 3769 'hoc
1111 3691 1280 3768 fieri
1351 3695 1582 3786 solet:
1657 3709 1791 3786 aut
1839 3719 1888 3784 ag
1933 3709 2199 3782 centro
2255 3692 2606 3768 dimotus

569 3826 684 3886 est
732 3807 1225 3906 (salamae),
1293 3823 1428 3899 aut
1491 3810 1688 3888 rami
1740 3808 2172 3898 terminum
2221 3807 2419 3883 sistit
2463 3804 2641 3886 sso-.

568 3936 907 4020 rentem,
989 3947 1251 4005 ramo·
1292 3923 1578 4014 axillari
1654 3921 2010 4006 foliifero
2049 3922 2405 4000 ulterius
2485 3942 2610 3998 exe

573 4051 961 4144 crescente
1024 4035 1703 4135 (Umbelliferae),
1770 4049 1905 4113 aut
1964 4060 2010 4118 e
2037 4035 2277 4124 ‚caule
2324 4031 2614 4136 prodit,
