2843 4800
844 321 1760 400 INTEGUMENTA.
2181 327 2327 404 225

271 525 454 612 lula,
489 519 814 622 reliquis
849 516 1359 621 epidermidis
1395 519 1691 595 cellulis
1725 544 1954 622 saepe
1998 521 2319 622 majore,

273 662 504 738 saepe
576 637 913 712 minore.
1035 632 1447 710 Interdum
1528 634 1721 709 orbe
1798 635 2320 716 circumdatae

273 750 871 852 conspiciuntur
921 771 964 822 e
1011 747 1267 847 parvis
1319 746 1615 822 cellulis
1652 750 2117 847 composito,
2152 776 2318 827 non

271 890 453 942 raro
514 861 745 939 viridi
810 862 1080 938 colore
1139 861 1429 945 tinctis,
1480 861 1883 964 interdum
1950 862 2319 960 glandula

271 979 440 1079 ipsa
506 1001 549 1052 e
616 975 913 1052 cellulis
965 998 1221 1075 usque
1273 972 1372 1048 ad
1415 998 1677 1049 aream
1729 977 2163 1076 composita
2212 978 2321 1053 vi·

275 1091 508 1166 detur
581 1090 898 1187 (Kieser
965 1088 1272 1184 Phytot.
1347 1084 1475 1182 fig.
1548 1086 1732 1183 57.).
1852 1088 2318 1189 Saepissime

273 1202 643 1301 glandula
707 1200 1036 1277 decolor
1102 1213 1248 1286 est,
1310 1200 1563 1274 rarius
1622 1200 1890 1276 viridis
1958 1214 2120 1276 tota
2186 1217 2320 1278 aut

276 1319 474 1393 orbe
538 1316 769 1390 viridi
833 1316 1102 1390 cincta.
1224 1317 1604 1388 Formam
1675 1314 1912 1388 habet
1973 1314 2319 1415 plerum-

266 1457 436 1532 *que
511 1430 845 1514 ovalem,
922 1427 1020 1502 ad
1082 1426 1513 1502 rotundam
1581 1440 1714 1502 aut
1776 1425 1872 1501 ad
1941 1427 2318 1505 linearem

276 1545 528 1641 magis
578 1540 1093 1628 accedentem,
1141 1541 1391 1615 rarius
1443 1538 2171 1639 quadrangularem,
2227 1558 2320 1620 ut

278 1660 365 1733 in
430 1663 689 1732 Yucca
754 1654 1114 1731 Gloriosa
1179 1669 1255 1730 et
1312 1658 1577 1751 Agaue
1628 1654 2062 1729 americana
2113 1659 2319 1752 (Ru-

283 1771 551 1872 dolph.
636 1783 683 1845 t.
760 1773 823 1855 1.
895 1767 945 1842 f.
1020 1766 1132 1863 4.)
1207 1782 1342 1842 aut
1425 1766 2012 1863 emarginatam‚
2079 1783 2171 1843 ut
2231 1771 2317 1845 in

273 1883 644 1981 Amarylli
726 1882 1300 1960 formosissima
1375 1879 1768 1978 (Krocker
1847 1894 1898 1954 t.
1975 1885 2037 1954 1.
2117 1880 2166 1956 f.
2247 1886 2316 1958 2.

273 2012 326 2074 t.
373 2002 441 2074 2.
490 1996 538 2072 f.
589 1997 725 2094 6.).
858 1993 1468 2074 Rhomhoidalis
1539 1993 1799 2069 forma
1873 2014 2155 2093 parum
2220 1997 2315 2072 ab

278 2112 479 2188 ovali
534 2109 817 2186 differt.
914 2113 1007 2185 In
1057 2122 1218 2184 tota
1251 2122 1474 2207 parte
1519 2105 1796 2183 eadem
1852 2104 2020 2181 fere
2059 2108 2318 2185 forma

279 2242 426 2312 est3
473 2249 759 2327 parum
805 2222 1208 2319 longiores
1255 2225 1340 2296 in
1387 2223 1667 2322 pagina
1706 2221 2082 2296 exteriore
2113 2223 2320 2322 peri-

278 2340 490 2439 gonii
545 2335 885 2414 subinde
921 2334 1648 2411 animadvertuntur
1680 2332 1873 2434 (Cfr.
1906 2333 2317 2437 Rudolphi

277 2481 353 2554 p.
399 2454 586 2551 92).
705 2448 891 2526 Vidi
964 2462 1229 2524 tamen
1312 2447 1646 2549 duplicis
1720 2448 2053 2545 generis,
2099 2441 2319 2526 ‘alias

281 2566 687 2658 minimas*
729 2561 1293 2649 subrotundas,
1378 2562 1564 2637 alias
1636 2561 1893 2637 multo
1977 2558 2319 2658 majores

284 2677 546 2758 ovales
593 2678 679 2751 in
732 2678 1257 2752 Graminibus.

372 2795 377 2802 ’
471 2792 702 2869 Rima
736 2790 970 2878 hiare,
1023 2804 1157 2865 aut
1200 2804 1512 2889 patente
1547 2803 1681 2865 aut
1729 2789 1983 2864 clausa
2034 2810 2318 2886 omnes
2355 2847 2360 2852 .

283 2903 788 2980 crediderunt
816 2903 1294 2999 Phytotomi.
1366 2906 1468 2980 At
1501 2900 1716 2979 'Nees
1768 2902 1864 2977 ab
1912 2899 2321 2976 Esenbeck

266 3018 636 3117 (Handb.
690 3017 779 3092 d.·
810 3022 894 3094 B.
946 3024 1011 3093 1.
1060 3043 1133 3116 p.
1171 3014 1369 3111 618.)
1418 3016 1706 3089 rimam
1758 3027 2105 3115 apertam
2156 3036 2323 3088 esse

284 3127 561 3216 aream,
607 3131 857 3228 magis
921 3128 1431 3232 pellucidam,
1495 3127 1838 3203 clausam
1905 3144 2070 3202 esse
2117 3151 2323 3200 mar»

281 3245 549 3342 ginem
614 3268 834 3320 areae
901 3246 1360 3320 crassiorem
1435 3240 1817 3320 adfirmat.
1962 3239 2322 3316 Assentio

277 3357 646 3432 lubenter
704 3359 874 3434 viro
928 3357 1415 3444 acutissimo,
1466 3369 1542 3430 at
1591 3380 1852 3430 aream
1904 3354 2326 3430 obscuram

281 3472 713 3547 secretione
791 3473 1160 3558 materiae
1227 3470 1724 3545 obscuratam
1795 3483 2025 3569 put0,
2101 3466 2329 3569 quod

279 3583 366 3670 in
442 3583 959 3683 quibusdam,
1045 3608 1104 3659 e.
1157 3606 1221 3679 g.
1270 3585 1776 3678 Baryosmate
1837 3596 2130 3658 serrato
2212 3581 2328 3656 di·-

283 3696 559 3790 stincte
612 3698 958 3799 conspici
1013 3694 1613 3771 adfirmaverim.
1839 3757 1898 3804 ὦ

477 3807 1373 3910 Gellulimpidermidis
1442 3809 1859 3909 impositae
1922 3807 2328 3907 reperiun-

278 3938 438 4010 tur,
513 3923 990 4024 plerumque
1061 3922 1200 3996 ubi
1289 3920 1556 4021 plures
1643 3919 1967 3998 cellulae
2049 3942 2330 3995 conve·

281 4035 548 4122 nium,
622 4037 874 4111 rarius
937 4032 1381 4135 superficiei
1446 4035 1693 4111 unius
1775 4030 2126 4118 cellulae,
2203 4056 2329 4110 or-

1646 4152 1743 4224 15
