2843 4800
544 231 694 367 {352
1280 290 1861 368 rnnc‘rns

550 487 756 566 fruit.
805 494 973 566 Par.
1025 492 1234 567 1808.
1284 489 1468 566 loco
1523 488 1933 565 divisionis
1982 489 2066 563 in
2125 482 2606 586 Monocoty-

549 603 925 679 ledoneas
1002 618 1077 680 et
1148 603 1810 702 Dicotyledoneas
1886 602 2117 677 aliam
2182 602 2452 701 posuit
2519 603 2607 677 in

422 821 433 828 ,
547 717 974 795 Exorhizas
1040 731 1117 793 et
1160 717 1692 803 Endorhizas;
1753 715 2041 790 harum
2100 713 2490 790 radiculas
2559 740 2607 790 e

548 830 874 908 rostello
957 829 1290 906 demum
1365 830 1722 933 prodire,
1795 828 2112 904 illarum
2185 828 2608 905 rostellum

540 946 815 1048 ipsum
864 946 949 1020 in
998 944 1347 1021 radicem
1401 946 1648 1037 abire,
1699 941 2119 1034 scutellum
2166 966 2353 1018 vero
2413 947 2606 1019 Gra·-

549 1060 866 1135 minum
935 1083 1099 1135 esse
1160 1058 1558 1135 radiculae
1622 1056 2203 1158 expansionem.
2304 1054 2603 1132 Contra

549 1173 766 1251 hunc
839 1172 1145 1273 scripsit
1212 1171 1498 1249 Mirbel
1564 1169 1886 1271 (Annal.
1953 1169 2026 1244 d.
2088 1174 2290 1246 Mus.
2344 1175 2434 1245 T.
2463 1175 2604 1268 16.

549 1314 624 1389 p.
698 1291 862 1363 419.
940 1286 1201 1387 seqq.)
1275 1285 1871 1386 multarumque
1943 1281 2608 1380 Monocotyledo-

551 1425 883 1477 nearum
958 1400 1615 1498 germinationem
1690 1410 2043 1474 accurate
2122 1397 2602 1497 perquisivit,

550 1515 910 1593 Adsentit
972 1514 1141 1589 viro
1208 1513 1343 1588 cel.
1407 1512 1730 1589 Fischer
1794 1510 2146 1609 (Beitrag
2207 1535 2270 1584 z.
2335 1511 2603 1585 botan.

556 1626 1023 1727 systematik
1087 1625 1161 1701 d.
1222 1629 1581 1703 Existenz
1665 1626 1740 1703 d.
1813 1622 2601 1720 Monocotyledonen

551 1769 631 1820 u.
678 1741 1398 1839 Polycotyledonen
1437 1738 1914 1826 hetreffend,
1963 1763 2032 1812 v.
2079 1741 2161 1812 F.
2210 1741 2297 1817 E.
2346 1741 2428 1814 L.
2477 1739 2603 1814 Fi-

553 1858 796 1934 scher.
867 1856 1155 1931 Ziirich
1221 1856 1498 1952 1812).
1617 1851 2103 1931 Sententiam
2153 1876 2381 1927 suam
2427 1878 2605 1953 per-

554 1996 798 2074 quam
849 1983 1071 2045 acute
1122 1964 1549 2044 defendere
1597 1968 1916 2044 tentavit
1962 1962 2308 2043 Richard
2366 1966 2602 2063 (Anu.

553 2086 628 2160 d.
677 2091 877 2161 Mus,
928 2088 1018 2158 T.
1085 2085 1196 2157 17.
1215 2082 1270 2177 ).
1387 2087 1798 2174 Quaenam
1855 2081 1956 2157 de
2012 2079 2137 2154 his
2195 2078 2604 2157 sentienda

554 2199 742 2285 sint,
827 2222 917 2272 ex
997 2194 1538 2296 superioribus
1619 2208 1847 2294 patet.
1968 2191 2443 2293 Nuperrime
2516 2195 2602 2269 in

552 2309 1212 2409 germinationem
1291 2320 1644 2384 accurate
1706 2307 2117 2410 inquisivit
2189 2305 2602 2396 Tittmann

554 2424 866 2523 (Ueber
930 2421 1003 2498 d.
1052 2422 1400 2520 Embryo
1482 2422 1620 2499 des
1688 2422 2241 2500 Samenkorns.
2326 2423 2603 2498 Dresd.

554 2541 764 2614 1817.
848 2550 924 2612 et
1002 2537 1149 2612 Die
1229 2537 1627 2637 Keimung
1701 2537 1774 2614 d.
1847 2532 2242 2614 Pss'anzen.
2323 2535 2599 2615 Dresd.

555 2654 765 2728 1821.
811 2652 930 2726 27.
982 2649 1149 2727 Taf.
1200 2649 1313 2746 4.)

528 2887 757 3017 ἱ190.
883 2887 1269 3004 Embryo
1371 2891 1962 3005 surculz‘gerus
2052 2884 2161 2973 in
2234 2884 2597 3001 plantis

553 3034 562 3043 ‘
676 3023 1156 3252 ggzssticis
1295 3024 1897 3144 quibusdam
2037 3021 2593 3142 deprehen-

744 3335 922 3408 Hue
1014 3334 1437 3437 pertinent⁴
1498 3332 1759 3434 primo
1857 3332 2039 3410 loco
2125 3334 2595 3431 embryones

551 3447 1057 3547 Nymphaeae
1107 3446 1326 3531 albae
1374 3460 1452 3523 et
1497 3446 1772 3535 luteae,
1823 3450 1963 3549 qui
2011 3447 2383 3546 singulari
2414 3448 2594 3524 satis

553 3557 808 3635 modo
876 3560 1350 3658 germinant,
1414 3586 1656 3661 quem
1704 3561 1942 3650 bene,
2004 3576 2097 3638 ut
2156 3562 2357 3637 mihi
2421 3563 2594 3661 qui-

558 3674 745 3752 dem
794 3671 1138 3762 videtur,
1224 3675 1583 3775 exposuit
1663 3676 2069 3750 Tittmann
2152 3676 2345 3772 (Die
2418 3677 2596 3752 Kei-

482 3824 485 3825 f
554 3812 815 3888 mungw
857 3787 930 3863 d.
978 3787 1265 3865 Pflanz.
1314 3816 1388 3889 p.
1441 3794 1553 3865 19.
1601 3790 1789 3887 22).
1885 3792 2061 3890 Ipse
2109 3812 2277 3864 non
2330 3791 2596 3865 obser-

553 3906 742 3980 vavi.
852 3903 1421 4000 Perembryum
1486 3901 1755 3978 adesse
1816 3902 2152 3989 videtur,
2215 3901 2439 4000 cujus
2489 3902 2595 3977 al-

554 4032 716 4094 tera
777 4018 1211 4095 extremitas
1271 4040 1457 4093 cum
1517 4016 1819 4093 semine
1892 4013 2308 4114 conjuncta
2380 4030 2594 4112 coty-

2343 4127 2591 4204 ledon
