2843 4800
454 339 575 459 ,84
1004 316 1011 322 ’
1247 318 1747 413 PLANTA.

482 535 916 616 animulam
978 534 1276 617 tribuas
1342 557 1674 611 necesse
1709 547 1840 613 est.
1938 530 2229 610 Differt
2271 532 2539 634 planta

481 664 761 755 utpote
827 674 1117 751 corpus
1183 649 1725 751 compositum
1787 653 1883 729 ab
1954 647 2272 727 animali
2347 647 2538 747 sim-

482 767 703 871 plici,
774 789 870 841 eo
939 763 1166 866 quod
1228 763 1534 867 ubique
1596 762 2028 862 generatio,
2105 787 2263 865 qua
2328 780 2537 837 nova

485 902 795 980 gemma
858 876 1377 979 producatur,
1440 877 1651 968 fieri,
1709 879 2013 980 ubique
2087 877 2330 975 igitur
2391 899 2541 951 no-

480 1020 676 1072 vum
724 1005 1086 1068 centrum
1114 1007 1404 1069 ·motus
1456 993 1737 1070 exoriri
1786 994 2052 1094 possit.

683 1131 894 1207 Cum
942 1153 1130 1204 vero
1180 1131 1438 1207 variae
1486 1132 1646 1208 sint
1685 1130 2008 1233 periodi*
2047 1129 2134 1205 in
2180 1154 2370 1205 uno·
2403 1152 2539 1203 eo-

491 1235 842 1349 demque
890 1255 1228 1344 corpore
1277 1247 1673 1343 organice,
1723 1259 1800 1321 et
1827 1245 2016 1320 hinc
2045 1243 2300 1319 varios
2336 1267 2541 1344 quo-

497 1386 654 1464 que
701 1357 1018 1449 modoS,
1069 1359 1362 1460 quibus
1395 1361 1547 1437 vita
1582 1383 1749 1437 sese
1780 1357 2241 1448 manifestet,
2269 1359 2541 1463 plures

490 1489 828 1553 statuere
905 1472 1088 1549 lieet
1112 1473 1379 1566 vitaS,
1450 1473 1888 1606 pluresque
1971 1473 2174 1549 vires
2252 1472 2541 1561 vitales,

491 1613 696 1694 quae
743 1612 933 1664 vero
988 1611 1302 1676 omneS,
1351 1615 1393 1664 a
1443 1589 1598 1665 vita
1643 1586 2053 1691 primaria,
2116 1615 2261 1666 seu
2305 1589 2381 1665 vi
2415 1588 2542 1662 vi-

416 1706 420 1712 ’
487 1703 624 1780 'tali
671 1700 1042 1805 primaria
1088 1699 1174 1776 in
1204 1717 1528 1780 motum
1558 1692 2053 1779 conc1tantur
2085 1719 2161 1779 et
2191 1703 2275 1776 in
2306 1715 2546 1777 motu

491 1841 644 1893 suo
728 1830 1378 1994 compescuntur,
1458 1818 1566 1895 ita
1643 1830 1738 1893 ut
1817 1818 1917 1893 sit
1980 1814 2544 1919 aequilibrium

490 1931 804 2008 virium.

691 2058 1108 2157 Quaelibet
1185 2058 1426 2157 igitur
1482 2084 1695 2163 pars,
1779 2060 2178 2165 quaelibet
2232 2058 2541 2137 functio

494 2188 572 2252 et
619 2172 1038 2304 quodlibet
1085 2186 1417 2270 systema
1467 2175 1834 2276 partium,
1872 2172 2546 2276 sanctionumque
2671 2206 2700 2218 r

492 2288 902 2392 'propriam
964 2286 1204 2362 habet
1247 2290 1524 2378 vitam,
1586 2313 1752 2390 quo
1802 2290 2135 2365 nomine
2182 2290 2300 2364 vir
2346 2289 2556 2364 cele-1

284 2506 292 2514 ⁸
352 2414 359 2420 '
457 2404 889 2481 berrimus
983 2403 1231 2478 varias
1332 2403 1515 2479 istas
1593 2405 1796 2480 vitae
1872 2402 2545 2480 manifestationes

461 2518 705 2610 ‚bene
738 2515 1122 2593 indicavit
1151 2515 1730 2616 (Blumenbach
1760 2516 2300 2595 Institutiones
2338 2519 2546 2617 Phy-
2691 2589 2694 2594 .

486 2632 793 2736 siolog:
804 2633 884 2729 ἓ.
932 2632 1121 2729 39..)
2625 2647 2628 2650 ’

685 2761 993 2839 Relatio
1026 2760 1321 2838 virium
1349 2760 1707 2839 vitalium
1738 2764 2018 2868 triplex
2052 2778 2182 2842 est.
2278 2764 2544 2841 Prima

455 2877 676 2972 'erga
734 2876 902 2950 vim
961 2876 1451 2978 primariam,
1523 2876 1865 2981 reliquas
1933 2902 2213 2956 omnes
2271 2900 2547 2974 regen-

497 3003 692 3076 tem,
762 2988 995 3067 altera
1064 3015 1242 3091 erga
1310 2991 1494 3069 alias
1559 2993 1758 3068 vires
1807 2991 2069 3074 vitales
2118 2991 2202 3063 in
2253 2987 2546 3067 eodem

499 3127 837 3205 corpore
900 3107 1270 3202 organico
1337 3119 1767 3190 moventes,
1839 3103 2063 3178 tertia
2127 3127 2305 3202 erga
2368 3129 2544 3180 cor-

494 3241 693 3318 pora
776 3211 1085 3294 externa
1114 3278 1134 3307 ,
1232 3242 1437 3319 quae
1524 3219 1611 3292 in
1706 3239 1997 3317 corpus
2080 3220 2544 3317 organicum

498 3343 758 3428 agunt.

687 3459 1099 3538 Relatione
1174 3457 1277 3537 ad
1347 3458 1514 3535 vim
1584 3458 2044 3562 primariam
2117 3476 2254 3539 aut
2315 3475 2586 3563 egent¹

497 3573 1054 3664 concitatione,
1117 3587 1253 3651 aut
1315 3576 1930 3678 compescentia,
1982 3590 2118 3653 aut
2160 3565 2369 3676 justo
2420 3601 2542 3655 re-

368 3793 374 3798 ·
497 3700 811 3785 guntur.

686 3793 1100 3893 Relatione
1160 3815 1263 3895 ad
1323 3818 1508 3896 alias
1556 3819 1758 3897 vires
1804 3821 2070 3898 vitales
2116 3819 2202 3896 in
2254 3819 2545 3899 eodem

501 3953 838 4031 corpore
888 3943 1024 4007 aut
1067 3936 1572 4034 anapatlzicae
1628 3949 1830 4024 sunt,
1894 3936 1960 4014 si
2012 3935 2155 4012 alia
2208 3936 2545 4012 concita·-
2601 3987 2608 3992 -

486 4040 609 4128 tio
660 4043 917 4121 aliam·
945 4047 1402 4150 compescit,
1488 4064 1624 4129 aut
1679 4050 2207 4156 sympathia-ae,
2271 4050 2336 4126 si
2375 4049 2544 4146 ‚alia
