2843 4800
892 341 1630 423 VEGETA'rlo.
2131 347 2281 425 409

230 568 312 641 p.
341 541 516 637 52).
613 544 1131 619 Incurvantur
1162 541 1493 619 stamina
1525 543 1968 620 ut-anthera
2001 545 2282 644 stigma

231 668 502 753 tangat
576 669 653 732 et
719 669 905 757 post
973 653 2110 756 secundationem-'eriguntur
2192 659 2282 734 i‘n

230 770 643 846 Parnassia
705 768 890 868 (cfr.
953 768 1055 845 de
1090 768 1372 846 &modo
1439 784 1607 872 quo‘
1651 769 1792 847 fiat
1836 772 2286 849 Humboldt

233 883 500 962 Usteri
545 886 716 960 Bot.
763 882 1036 961 Annal.
1056 885 1065 945 ἶ
1089 887 1195 962 St.
1243 886 1311 960 3.
1359 911 1433 985 p.
1466 884 1590 981 3.),-
1642 881 2032 986 saxifraga
2081 886 2284 962 aliis-

234 1022 421 1097 que.
554 1000 1072 1075 Incurvantur
1154 999 1532 1086 stamina,
1614 1014 1789 1076 tum
1875 1001 2284 1098 eriguntur

240 1124 319 1211 et
388 1110 664 1213 pollen
741 1110 1175 1213 explodunt
1235 1127 1369 1189 aut
1433 1112 1507 1187 vi
1572 1113 1978 1212 dynamica
2059 1114 2284 1215 (Spi-

236 1225 515 1321 raeae)
592 1238 726 1301 aut
772 1225 869 1300 ‘vi
942 1227 1396 1302 mechanica
1482 1227 2006 1325 (Parietaria).
2128 1236 2288 1304 Aut

239 1336 649 1414 irritabilia
698 1353 886 1416 sunt
933 1340 1296 1428 stamina,
1326 1340 1450 1416 ita
1498 1355 1591 1416 ut
1635 1342 2090 1417 irritatione
2120 1338 2286 1417 for·

239 1451 453 1526 tuito
501 1449 709 1528 facta
761 1453 865 1529 ad·
922 1454 1201 1552 stigma
1264 1453 1755 1555 applicentur
1812 1455 2285 1554 (Berberis)

242 1566 485 1640 Haec
508 1566 913 1644 notissima
964 1580 1180 1654 sunt3
1252 1567 1503 1643 multa
1553 1566 1697 1642 alia
1749 1582 1970 1644 acuta
2035 1568 2286 1644 anim-

245 1677 572 1756 adversa
664 1681 1004 1782 reperies
1097 1681 1182 1756 in
1279 1682 1477 1757 Diss,
1521 1678 1676 1758 de
1785 1683 2289 1780 generatione

242 1793 820 1890 Vegetabilium
873 1808 1067 1871 auct.
1116 1798 1209 1872 N.
1255 1799 1345 1872 G.
1392 1793 1670 1871 L'eske.⁴
1735 1798 1909 1896 LPS.
1961 1800 2169 1872 1773.
2219 1798 2290 1871 4.

238 1907 539 1982 Pistilla
601 1908 1119 1985 incurvantur.
1168 1922 1260 1984 ut
1308 1909 1666 1984 antheras
1715 1923 2063 2007 tangant,
2110 1923 2292 1985 tum

243 2020 650 2097 elevantur
714 2021 1139 2154 (Nigella),
1202 2036 1336 2098 aut
1393 2020 1775 2123 pistillum
1839 2024 2294 2099 incurvatur

224 2136 738 2234 ,stigmatibus
788 2137 1051 2236 primo
1102 2135 1400 2223 elausiS,
1448 2134 1634 2212 dein
1671 2138 1952 2236 apertis
1999 2150 2089 2213 ut
2117 2134 2295 2238 pol-

236 2247 377 2323 len
442 2249 853 2349 recipiant,
913 2264 1087 2325 turn
1141 2250 1550 2348 eriguntur
1599 2250 2108 2350 (Epilobium
2158 2262 2295 2326 an'-

244 2361 811 2461 gustifolium.)
942 2362 1254 2460 Quodsi
1351 2387 1520 2441 non
1602 2382 1948 2467 semper,
2026 2378 2293 2443 tamen

240 2476 699 2578 saepissime
748 2476 987 2554 flores
1035 2478 1137 2552 ita
1174 2478 1598 2553 constructi
1633 2494 1836 2568 sunt,
1883 2494 1975 2556 ut
2007 2480 2087 2555 in
2132 2506 2299 2557 ere-

248 2590 396 2664 ctis
444 2590 778 2667 stamina
825 2591 1130 2691 pistillis
1182 2589 1453 2664 altiora
1489 2590 1647 2664 sint
1693 2592 2124 2693 pollenque
2161 2594 2299 2672 de-

251 2703 463 2780 cidat
495 2704 608 2779 in
672 2705 984 2804 stigma,
1032 2705 1135 2780 in'=
1169 2703 1627 2779 nutantibus
1675 2730 1862 2779 vero
1913 2705 2300 2803 pistillum

246 2816 603 2917 longius,
665 2844 810 2894 nec
874 2844 1054 2894 raro
1117 2821 1302 2920 Post
1365 2816 1906 2918 explosionem
1943 2817 2300 2918 pollinis

250 2930 494 3008 flores
540 2934 786 3009 ¹situm
834 2946 1161 3007 mutent.
1258 2936 1446 3006 Non
1496 2931 1986 3029 negandum,
2049 2932 2303 3009 multa

250 3041 558 3137 horum
603 3046 1349 3146 phaenomenorum
1401 3044 1643 3119 dubia
1696 3068 1895 3134 esse,
1948 3057 2025 3118 et
2072 3068 2306 3144 saepe

253 3154 345 3228 id
406 3180 580 3231 ‘non
639 3159 947 3258 perfici,
1023 3158 1245 3261 quod
1328 3157 1908 3289 perficiendum
1986 3152 2306 3233 videba-

250 3283 407 3344 tur.
509 3272 606 3345 At
649 3270 896 3346 finem
945 3274 1028 3348 in
1079 3297 1362 3373 genere
1413 3272 1979 3373 conspicimus„
2025 3285 2154 3346 et
2169 3295 2309 3347 na·

248 3387 465 3457 'tura
498 3406 668 3457 non
733 3387 1042 3488 semper
1107 3387 1207 3463 ad
1270 3386 1519 3466 finem
1590 3386 1977 3489 pervenit,
2062 3410 2308 3530 quem

258 3497 411 3573 sibi
461 3498 972 3598 proposuisse
1017 3501 1450 3577 videbatur.

452 3610 953 3687 Probabilior
1014 3612 1108 3687 fit
1170 3638 1396 3689 sexus
1463 3613 1905 3690 differentia
1967 3637 2057 3690 ea
2106 3636 2312 3688 con-

256 3725 492 3799 stanti
564 3724 865 3800 florum
939 3727 1458 3826 separatione,
1509 3743 1779 3828 ‘quam
1856 3728 1943 3802 in
2024 3725 2312 3828 plantis

254 3836 545 3914 *dioicis
620 3853 697 3914 et
766 3839 1165 3915 monoicis
1248 3842 1778 3934 observamus.
1905 3844 2000 3919 In
2083 3839 2310 3916 nullo

155 3981 161 3986 ·
265 3949 418 4026 alio
497 3971 933 4053 corporum
1008 3955 1570 4051 organicorum
1654 3968 1832 4030 actu
1914 3951 2312 4052 ejusmodi

264 4061 654 4142 hahemus
726 4068 1299 4169 separationem
1358 4092 1863 4169 organorum
1930 4069 2315 4146 similium
