<?xml version="1.0" encoding="UTF-8"?>
<!DOCTYPE html PUBLIC "-//W3C//DTD XHTML 1.0 Transitional//EN"
    "http://www.w3.org/TR/xhtml1/DTD/xhtml1-transitional.dtd">
<html xmlns="http://www.w3.org/1999/xhtml" xml:lang="en" lang="en">
 <head>
  <title>
</title>
<meta http-equiv="Content-Type" content="text/html;charset=utf-8" />
  <meta name='ocr-system' content='tesseract 3.04.00' />
  <meta name='ocr-capabilities' content='ocr_page ocr_carea ocr_par ocr_line ocrx_word'/>
</head>
<body>
  <div class='ocr_page' id='page_1' title='image "./elementaphiloso01linkgoog_0303.png"; bbox 0 0 2843 4800; ppageno 0'>
   <div class='ocr_carea' id='block_1_1' title="bbox 1186 302 2369 383">
    <p class='ocr_par' dir='ltr' id='par_1_1' title="bbox 1186 302 2369 383">
     <span class='ocr_line' id='line_1_1' title="bbox 1186 302 2369 383; baseline 0 -1"><span class='ocrx_word' id='word_1_1' title='bbox 1186 306 1506 383; x_wconf 78' lang='lat' dir='ltr'><strong>FLOS.</strong></span> <span class='ocrx_word' id='word_1_2' title='bbox 1640 367 1648 376; x_wconf 92' lang='lat'><strong>.</strong></span> <span class='ocrx_word' id='word_1_3' title='bbox 2217 302 2369 382; x_wconf 70' lang='lat'>295</span> 
     </span>
    </p>
   </div>
   <div class='ocr_carea' id='block_1_2' title="bbox 313 502 2470 2366">
    <p class='ocr_par' dir='ltr' id='par_1_2' title="bbox 313 502 2470 2320">
     <span class='ocr_line' id='line_1_2' title="bbox 314 502 2368 607; baseline -0.002 -19"><span class='ocrx_word' id='word_1_4' title='bbox 314 507 540 588; x_wconf 84' lang='lat' dir='ltr'>ribus</span> <span class='ocrx_word' id='word_1_5' title='bbox 589 504 964 606; x_wconf 81' lang='lat' dir='ltr'>sphaerae</span> <span class='ocrx_word' id='word_1_6' title='bbox 1015 506 1455 607; x_wconf 85' lang='lat' dir='ltr'>composita</span> <span class='ocrx_word' id='word_1_7' title='bbox 1502 502 2014 582; x_wconf 76' lang='lat' dir='ltr'>membranae</span> <span class='ocrx_word' id='word_1_8' title='bbox 2067 502 2368 583; x_wconf 74' lang='lat' dir='ltr'>inclusa</span> 
     </span>
     <span class='ocr_line' id='line_1_3' title="bbox 317 616 2364 718; baseline -0.001 -22"><span class='ocrx_word' id='word_1_9' title='bbox 317 621 514 704; x_wconf 78' lang='lat' dir='ltr'>vidit</span> <span class='ocrx_word' id='word_1_10' title='bbox 573 620 861 696; x_wconf 88' lang='lat' dir='ltr'>Mirbel</span> <span class='ocrx_word' id='word_1_11' title='bbox 912 620 1327 718; x_wconf 88' lang='lat' dir='ltr'>(Elemens</span> <span class='ocrx_word' id='word_1_12' title='bbox 1380 618 1454 696; x_wconf 86' lang='lat' dir='ltr'>d.</span> <span class='ocrx_word' id='word_1_13' title='bbox 1503 616 1845 716; x_wconf 88' lang='lat' dir='ltr'>Physiol.</span> <span class='ocrx_word' id='word_1_14' title='bbox 1895 629 2055 716; x_wconf 72' lang='lat' dir='ltr'>veg.</span> <span class='ocrx_word' id='word_1_15' title='bbox 2111 622 2199 693; x_wconf 90' lang='lat' dir='ltr'>T.</span> <span class='ocrx_word' id='word_1_16' title='bbox 2248 623 2364 696; x_wconf 82' lang='grc'>31..</span> 
     </span>
     <span class='ocr_line' id='line_1_4' title="bbox 313 731 2368 836; baseline -0.002 -24"><span class='ocrx_word' id='word_1_17' title='bbox 313 735 366 812; x_wconf 88' lang='lat' dir='ltr'>f.</span> <span class='ocrx_word' id='word_1_18' title='bbox 418 734 617 836; x_wconf 57' lang='lat' dir='ltr'>m),</span> <span class='ocrx_word' id='word_1_19' title='bbox 671 734 809 833; x_wconf 91' lang='lat' dir='ltr'>qui</span> <span class='ocrx_word' id='word_1_20' title='bbox 859 734 1149 812; x_wconf 84' lang='lat' dir='ltr'>multas</span> <span class='ocrx_word' id='word_1_21' title='bbox 1197 734 1498 814; x_wconf 83' lang='lat' dir='ltr'>horum</span> <span class='ocrx_word' id='word_1_22' title='bbox 1545 731 1843 811; x_wconf 84' lang='lat' dir='ltr'>formas</span> <span class='ocrx_word' id='word_1_23' title='bbox 1893 731 2196 832; x_wconf 87' lang='lat' dir='ltr'>optime</span> <span class='ocrx_word' id='word_1_24' title='bbox 2245 756 2368 809; x_wconf 66' lang='lat' dir='ltr'>ex-</span> 
     </span>
     <span class='ocr_line' id='line_1_5' title="bbox 315 846 2368 950; baseline 0 -27"><span class='ocrx_word' id='word_1_25' title='bbox 315 849 604 950; x_wconf 71' lang='lat' dir='ltr'>posuit.</span> <span class='ocrx_word' id='word_1_26' title='bbox 646 890 655 899; x_wconf 92' lang='lat'><strong>·</strong></span> <span class='ocrx_word' id='word_1_27' title='bbox 709 848 893 924; x_wconf 89' lang='lat' dir='ltr'>Tria</span> <span class='ocrx_word' id='word_1_28' title='bbox 947 846 1559 926; x_wconf 70' lang='lat' dir='ltr'>circa-medium</span> <span class='ocrx_word' id='word_1_29' title='bbox 1613 847 2049 948; x_wconf 77' lang='lat' dir='ltr'>composita</span> <span class='ocrx_word' id='word_1_30' title='bbox 2098 846 2181 921; x_wconf 85' lang='lat' dir='ltr'>in</span> <span class='ocrx_word' id='word_1_31' title='bbox 2212 848 2368 923; x_wconf 73' lang='lat' dir='ltr'>Oe-</span> 
     </span>
     <span class='ocr_line' id='line_1_6' title="bbox 316 960 2367 1062; baseline -0.001 -22"><span class='ocrx_word' id='word_1_32' title='bbox 316 963 653 1051; x_wconf 74' lang='lat' dir='ltr'>nothera</span> <span class='ocrx_word' id='word_1_33' title='bbox 721 963 1181 1062; x_wconf 82' lang='lat' dir='ltr'>conspicere</span> <span class='ocrx_word' id='word_1_34' title='bbox 1234 962 1436 1040; x_wconf 75' lang='lat' dir='ltr'>licet.</span> <span class='ocrx_word' id='word_1_35' title='bbox 1485 1003 1492 1010; x_wconf 94' lang='lat'><strong>·</strong></span> <span class='ocrx_word' id='word_1_36' title='bbox 1544 962 1718 1041; x_wconf 89' lang='lat' dir='ltr'>Pini</span> <span class='ocrx_word' id='word_1_37' title='bbox 1771 960 2092 1059; x_wconf 77' lang='lat' dir='ltr'>granula</span> <span class='ocrx_word' id='word_1_38' title='bbox 2143 967 2367 1038; x_wconf 70' lang='lat' dir='ltr'>ansas</span> 
     </span>
     <span class='ocr_line' id='line_1_7' title="bbox 319 1073 2367 1162; baseline 0 -12"><span class='ocrx_word' id='word_1_39' title='bbox 319 1076 1086 1162; x_wconf 68' lang='lat' dir='ltr'>veluti·.monstrant-.</span> <span class='ocrx_word' id='word_1_40' title='bbox 1205 1076 1518 1152; x_wconf 83' lang='lat' dir='ltr'>Similes</span> <span class='ocrx_word' id='word_1_41' title='bbox 1582 1073 1896 1153; x_wconf 82' lang='lat' dir='ltr'>formas</span> <span class='ocrx_word' id='word_1_42' title='bbox 1931 1074 2367 1151; x_wconf 68' lang='lat' dir='ltr'>observavit</span> 
     </span>
     <span class='ocr_line' id='line_1_8' title="bbox 321 1188 2128 1296; baseline -0.002 -28"><span class='ocrx_word' id='word_1_43' title='bbox 321 1188 701 1292; x_wconf 72' lang='lat' dir='ltr'>Spnengel</span> <span class='ocrx_word' id='word_1_44' title='bbox 753 1189 1073 1296; x_wconf 53' lang='lat' dir='ltr'>(Anleite</span> <span class='ocrx_word' id='word_1_45' title='bbox 1116 1194 1189 1268; x_wconf 82' lang='lat'>.1.</span> <span class='ocrx_word' id='word_1_46' title='bbox 1239 1216 1319 1290; x_wconf 70' lang='lat' dir='ltr'>p.=</span> <span class='ocrx_word' id='word_1_47' title='bbox 1366 1190 1597 1286; x_wconf 43' lang='lat'><strong>180.).1</strong></span> <span class='ocrx_word' id='word_1_48' title='bbox 1801 1237 1806 1244; x_wconf 93' lang='lat'><em>-</em></span> <span class='ocrx_word' id='word_1_49' title='bbox 1849 1251 1852 1256; x_wconf 92' lang='lat'>.</span> <span class='ocrx_word' id='word_1_50' title='bbox 2019 1213 2022 1220; x_wconf 48' lang='lat'>¹</span> <span class='ocrx_word' id='word_1_51' title='bbox 2121 1225 2128 1230; x_wconf 82' lang='lat'><strong>·</strong></span> 
     </span>
     <span class='ocr_line' id='line_1_9' title="bbox 515 1301 2366 1405; baseline 0 -25"><span class='ocrx_word' id='word_1_52' title='bbox 515 1301 997 1404; x_wconf 79' lang='lat' dir='ltr'>Superficies·</span> <span class='ocrx_word' id='word_1_53' title='bbox 1052 1303 1527 1405; x_wconf 77' lang='lat' dir='ltr'>plerumque</span> <span class='ocrx_word' id='word_1_54' title='bbox 1598 1304 1834 1380; x_wconf 86' lang='lat' dir='ltr'>laevis</span> <span class='ocrx_word' id='word_1_55' title='bbox 1904 1313 2019 1379; x_wconf 81' lang='lat' dir='ltr'>es&#39;t</span> <span class='ocrx_word' id='word_1_56' title='bbox 2039 1361 2059 1391; x_wconf 87' lang='lat'><strong>,</strong></span> <span class='ocrx_word' id='word_1_57' title='bbox 2133 1327 2366 1405; x_wconf 81' lang='lat' dir='ltr'>saepe</span> 
     </span>
     <span class='ocr_line' id='line_1_10' title="bbox 320 1416 2366 1519; baseline 0 -27"><span class='ocrx_word' id='word_1_58' title='bbox 320 1440 508 1496; x_wconf 77' lang='lat' dir='ltr'>vern</span> <span class='ocrx_word' id='word_1_59' title='bbox 558 1418 735 1519; x_wconf 86' lang='lat' dir='ltr'>pilis</span> <span class='ocrx_word' id='word_1_60' title='bbox 786 1418 1034 1509; x_wconf 77' lang='lat' dir='ltr'>obsita</span> <span class='ocrx_word' id='word_1_61' title='bbox 1086 1441 1230 1494; x_wconf 88' lang='lat' dir='ltr'>seu</span> <span class='ocrx_word' id='word_1_62' title='bbox 1261 1417 1558 1498; x_wconf 84' lang='lat' dir='ltr'>tubulis</span> <span class='ocrx_word' id='word_1_63' title='bbox 1590 1416 1944 1495; x_wconf 82' lang='lat' dir='ltr'>foviHam</span> <span class='ocrx_word' id='word_1_64' title='bbox 1977 1416 2366 1494; x_wconf 79' lang='lat' dir='ltr'>exsudan-</span> 
     </span>
     <span class='ocr_line' id='line_1_11' title="bbox 322 1530 1253 1629; baseline 0 -23"><span class='ocrx_word' id='word_1_65' title='bbox 322 1531 533 1614; x_wconf 76' lang='lat' dir='ltr'>tibus</span> <span class='ocrx_word' id='word_1_66' title='bbox 586 1530 1139 1629; x_wconf 81' lang='lat' dir='ltr'>(Malvaceae)..</span> <span class='ocrx_word' id='word_1_67' title='bbox 1246 1579 1253 1588; x_wconf 78' lang='lat'><em>-</em></span> 
     </span>
     <span class='ocr_line' id='line_1_12' title="bbox 330 1644 2366 1746; baseline -0.001 -25"><span class='ocrx_word' id='word_1_68' title='bbox 330 1715 341 1730; x_wconf 80' lang='lat'><em>,</em></span> <span class='ocrx_word' id='word_1_69' title='bbox 512 1649 765 1746; x_wconf 61' lang='lat' dir='ltr'>,Saepe</span> <span class='ocrx_word' id='word_1_70' title='bbox 824 1645 1125 1734; x_wconf 87' lang='lat' dir='ltr'>deficit,</span> <span class='ocrx_word' id='word_1_71' title='bbox 1190 1646 1558 1725; x_wconf 82' lang='lat' dir='ltr'>antherae</span> <span class='ocrx_word' id='word_1_72' title='bbox 1618 1669 1908 1724; x_wconf 84' lang='lat' dir='ltr'>vacuae</span> <span class='ocrx_word' id='word_1_73' title='bbox 1965 1644 2206 1722; x_wconf 82' lang='lat' dir='ltr'>inter&#39;</span> <span class='ocrx_word' id='word_1_74' title='bbox 2246 1655 2366 1722; x_wconf 64' lang='lat' dir='ltr'>ne.-</span> 
     </span>
     <span class='ocr_line' id='line_1_13' title="bbox 319 1758 2365 1861; baseline 0.001 -26"><span class='ocrx_word' id='word_1_75' title='bbox 319 1759 576 1861; x_wconf 84' lang='lat' dir='ltr'>liquas</span> <span class='ocrx_word' id='word_1_76' title='bbox 638 1760 930 1840; x_wconf 73' lang='lat' dir='ltr'>fertiles</span> <span class='ocrx_word' id='word_1_77' title='bbox 991 1761 1525 1861; x_wconf 81' lang='lat' dir='ltr'>reperiuntur,</span> <span class='ocrx_word' id='word_1_78' title='bbox 1592 1784 1653 1835; x_wconf 91' lang='lat' dir='ltr'>e.</span> <span class='ocrx_word' id='word_1_79' title='bbox 1703 1784 1769 1859; x_wconf 80' lang='lat' dir='ltr'>g.</span> <span class='ocrx_word' id='word_1_80' title='bbox 1819 1760 1907 1835; x_wconf 85' lang='lat' dir='ltr'>in</span> <span class='ocrx_word' id='word_1_81' title='bbox 1953 1758 2365 1837; x_wconf 73' lang='lat' dir='ltr'>Bauhiniis</span> 
     </span>
     <span class='ocr_line' id='line_1_14' title="bbox 320 1871 2470 1986; baseline -0.002 -34"><span class='ocrx_word' id='word_1_82' title='bbox 320 1875 653 1972; x_wconf 87' lang='lat' dir='ltr'>(Mirbel</span> <span class='ocrx_word' id='word_1_83' title='bbox 703 1890 754 1950; x_wconf 86' lang='lat' dir='ltr'>t.</span> <span class='ocrx_word' id='word_1_84' title='bbox 806 1877 921 1949; x_wconf 78' lang='lat'>42.</span> <span class='ocrx_word' id='word_1_85' title='bbox 970 1871 1019 1948; x_wconf 90' lang='lat' dir='ltr'>s.</span> <span class='ocrx_word' id='word_1_86' title='bbox 1073 1873 1232 1969; x_wconf 84' lang='lat'>10.)</span> <span class='ocrx_word' id='word_1_87' title='bbox 1285 1874 1630 1974; x_wconf 87' lang='lat' dir='ltr'>aliisque.</span> <span class='ocrx_word' id='word_1_88' title='bbox 2463 1977 2470 1986; x_wconf 30' lang='lat'><strong>·</strong></span> 
     </span>
     <span class='ocr_line' id='line_1_15' title="bbox 334 1986 2367 2089; baseline -0 -23"><span class='ocrx_word' id='word_1_89' title='bbox 334 2019 340 2028; x_wconf 88' lang='lat'><strong>·</strong></span> <span class='ocrx_word' id='word_1_90' title='bbox 508 1987 809 2065; x_wconf 84' lang='lat' dir='ltr'>Fovilla</span> <span class='ocrx_word' id='word_1_91' title='bbox 880 2001 1014 2062; x_wconf 85' lang='lat' dir='ltr'>aut</span> <span class='ocrx_word' id='word_1_92' title='bbox 1077 1987 1336 2064; x_wconf 86' lang='lat' dir='ltr'>calore</span> <span class='ocrx_word' id='word_1_93' title='bbox 1404 1986 1760 2076; x_wconf 82' lang='lat' dir='ltr'>exsudat,</span> <span class='ocrx_word' id='word_1_94' title='bbox 1812 2002 1948 2068; x_wconf 84' lang='lat' dir='ltr'>aut</span> <span class='ocrx_word' id='word_1_95' title='bbox 1997 2011 2197 2089; x_wconf 89' lang='lat' dir='ltr'>aqua</span> <span class='ocrx_word' id='word_1_96' title='bbox 2246 2010 2367 2065; x_wconf 81' lang='lat' dir='ltr'>re·</span> 
     </span>
     <span class='ocr_line' id='line_1_16' title="bbox 313 2100 2367 2203; baseline 0.001 -27"><span class='ocrx_word' id='word_1_97' title='bbox 313 2115 581 2203; x_wconf 86' lang='lat' dir='ltr'>sorpta</span> <span class='ocrx_word' id='word_1_98' title='bbox 658 2100 1099 2203; x_wconf 84' lang='lat' dir='ltr'>expellitur,</span> <span class='ocrx_word' id='word_1_99' title='bbox 1176 2125 1330 2203; x_wconf 86' lang='lat' dir='ltr'>qua</span> <span class='ocrx_word' id='word_1_100' title='bbox 1381 2101 1622 2177; x_wconf 90' lang='lat' dir='ltr'>simul</span> <span class='ocrx_word' id='word_1_101' title='bbox 1681 2125 1851 2177; x_wconf 90' lang='lat' dir='ltr'>non</span> <span class='ocrx_word' id='word_1_102' title='bbox 1915 2127 2096 2180; x_wconf 86' lang='lat' dir='ltr'>raro</span> <span class='ocrx_word' id='word_1_103' title='bbox 2145 2125 2367 2179; x_wconf 80' lang='lat' dir='ltr'>rum-</span> 
     </span>
     <span class='ocr_line' id='line_1_17' title="bbox 314 2215 2343 2366; baseline 0.001 -76"><span class='ocrx_word' id='word_1_104' title='bbox 314 2215 532 2317; x_wconf 88' lang='lat' dir='ltr'>pitur</span> <span class='ocrx_word' id='word_1_105' title='bbox 561 2216 853 2317; x_wconf 86' lang='lat' dir='ltr'>pollen.</span> <span class='ocrx_word' id='word_1_106' title='bbox 903 2215 1205 2292; x_wconf 82' lang='lat' dir='ltr'>Fovilla</span> <span class='ocrx_word' id='word_1_107' title='bbox 1241 2216 1521 2292; x_wconf 84' lang='lat' dir='ltr'>emissa</span> <span class='ocrx_word' id='word_1_108' title='bbox 1557 2230 2022 2366; x_wconf 79' lang='lat' dir='ltr'>corrugatur</span> <span class='ocrx_word' id='word_1_109' title='bbox 2050 2215 2343 2320; x_wconf 87' lang='lat' dir='ltr'>pollen.</span> 
     </span>
    </p>
   </div>
   <div class='ocr_carea' id='block_1_3' title="bbox 315 2357 2373 3047">
    <p class='ocr_par' dir='ltr' id='par_1_3' title="bbox 315 2357 2370 2642">
     <span class='ocr_line' id='line_1_18' title="bbox 315 2357 2368 2517; baseline 0 -28"><span class='ocrx_word' id='word_1_110' title='bbox 315 2398 522 2489; x_wconf 75' lang='lat'><strong>172.</strong></span> <span class='ocrx_word' id='word_1_111' title='bbox 644 2402 1360 2517; x_wconf 72' lang='lat' dir='ltr'>Arzamorphosis</span> <span class='ocrx_word' id='word_1_112' title='bbox 1435 2357 1988 2489; x_wconf 80' lang='lat' dir='ltr'>staminum</span> <span class='ocrx_word' id='word_1_113' title='bbox 2041 2413 2141 2491; x_wconf 84' lang='lat' dir='ltr'>et</span> <span class='ocrx_word' id='word_1_114' title='bbox 2203 2427 2368 2489; x_wconf 81' lang='lat' dir='ltr'>an-</span> 
     </span>
     <span class='ocr_line' id='line_1_19' title="bbox 440 2535 2370 2642; baseline 0.006 -18"><span class='ocrx_word' id='word_1_115' title='bbox 440 2535 796 2627; x_wconf 87' lang='lat' dir='ltr'>therae</span> <span class='ocrx_word' id='word_1_116' title='bbox 909 2535 1025 2626; x_wconf 82' lang='lat' dir='ltr'>fit</span> <span class='ocrx_word' id='word_1_117' title='bbox 1135 2535 1623 2628; x_wconf 83' lang='lat' dir='ltr'>filamenti</span> <span class='ocrx_word' id='word_1_118' title='bbox 1746 2538 2370 2642; x_wconf 81' lang='lat' dir='ltr'>carnositate.</span> 
     </span>
    </p>

    <p class='ocr_par' dir='ltr' id='par_1_4' title="bbox 324 2674 2373 3047">
     <span class='ocr_line' id='line_1_20' title="bbox 324 2674 2373 2797; baseline 0.006 -40"><span class='ocrx_word' id='word_1_119' title='bbox 324 2756 327 2757; x_wconf 18' lang='lat' dir='ltr'><em>f</em></span> <span class='ocrx_word' id='word_1_120' title='bbox 442 2674 891 2790; x_wconf 87' lang='lat' dir='ltr'>ejusdem</span> <span class='ocrx_word' id='word_1_121' title='bbox 957 2676 1566 2797; x_wconf 85' lang='lat' dir='ltr'>expansione</span> <span class='ocrx_word' id='word_1_122' title='bbox 1627 2677 2210 2797; x_wconf 83' lang='lat' dir='ltr'>petaloidea‚</span> <span class='ocrx_word' id='word_1_123' title='bbox 2272 2688 2373 2771; x_wconf 85' lang='lat' dir='ltr'>et</span> 
     </span>
     <span class='ocr_line' id='line_1_21' title="bbox 444 2808 2369 2937; baseline 0 -31"><span class='ocrx_word' id='word_1_124' title='bbox 444 2817 979 2908; x_wconf 86' lang='lat' dir='ltr'>coalitione</span> <span class='ocrx_word' id='word_1_125' title='bbox 1095 2846 1333 2927; x_wconf 87' lang='lat' dir='ltr'>cum</span> <span class='ocrx_word' id='word_1_126' title='bbox 1444 2817 1653 2907; x_wconf 89' lang='lat' dir='ltr'>aliis</span> <span class='ocrx_word' id='word_1_127' title='bbox 1768 2808 2047 2908; x_wconf 81' lang='lat' dir='ltr'>floris</span> <span class='ocrx_word' id='word_1_128' title='bbox 2147 2844 2369 2937; x_wconf 79' lang='lat' dir='ltr'>par·</span> 
     </span>
     <span class='ocr_line' id='line_1_22' title="bbox 442 2956 734 3047; baseline 0.007 -2"><span class='ocrx_word' id='word_1_129' title='bbox 442 2956 734 3047; x_wconf 78' lang='lat' dir='ltr'>tibus,</span> 
     </span>
    </p>
   </div>
   <div class='ocr_carea' id='block_1_4' title="bbox 316 3125 2416 4146">
    <p class='ocr_par' dir='ltr' id='par_1_5' title="bbox 316 3125 2416 4146">
     <span class='ocr_line' id='line_1_23' title="bbox 456 3125 2368 3230; baseline 0.003 -27"><span class='ocrx_word' id='word_1_130' title='bbox 456 3168 459 3171; x_wconf 54' lang='lat'><strong>&gt;</strong></span> <span class='ocrx_word' id='word_1_131' title='bbox 514 3131 634 3205; x_wconf 89' lang='lat' dir='ltr'>De</span> <span class='ocrx_word' id='word_1_132' title='bbox 730 3129 1294 3230; x_wconf 86' lang='lat' dir='ltr'>anamorphosi</span> <span class='ocrx_word' id='word_1_133' title='bbox 1388 3125 1823 3203; x_wconf 78' lang='lat' dir='ltr'>staminum</span> <span class='ocrx_word' id='word_1_134' title='bbox 1918 3138 2368 3209; x_wconf 73' lang='lat' dir='ltr'>monstrosa</span> 
     </span>
     <span class='ocr_line' id='line_1_24' title="bbox 318 3239 2331 3344; baseline -0.002 -26"><span class='ocrx_word' id='word_1_135' title='bbox 318 3267 558 3344; x_wconf 82' lang='lat' dir='ltr'>supra</span> <span class='ocrx_word' id='word_1_136' title='bbox 609 3246 754 3318; x_wconf 83' lang='lat'>165</span> <span class='ocrx_word' id='word_1_137' title='bbox 806 3239 1106 3319; x_wconf 87' lang='lat' dir='ltr'>dictum</span> <span class='ocrx_word' id='word_1_138' title='bbox 1144 3257 1274 3331; x_wconf 82' lang='lat' dir='ltr'>est,</span> <span class='ocrx_word' id='word_1_139' title='bbox 1308 3265 1523 3321; x_wconf 88' lang='lat' dir='ltr'>nunc</span> <span class='ocrx_word' id='word_1_140' title='bbox 1558 3239 1660 3317; x_wconf 90' lang='lat' dir='ltr'>de</span> <span class='ocrx_word' id='word_1_141' title='bbox 1687 3240 2030 3324; x_wconf 85' lang='lat' dir='ltr'>naturali-</span> <span class='ocrx_word' id='word_1_142' title='bbox 2060 3240 2331 3339; x_wconf 73' lang='lat' dir='ltr'>agitur.</span> 
     </span>
     <span class='ocr_line' id='line_1_25' title="bbox 512 3354 2371 3457; baseline 0.003 -23"><span class='ocrx_word' id='word_1_143' title='bbox 512 3356 1139 3457; x_wconf 85' lang='lat' dir='ltr'>Anamorphosis</span> <span class='ocrx_word' id='word_1_144' title='bbox 1185 3356 1647 3434; x_wconf 85' lang='lat' dir='ltr'>carnositate</span> <span class='ocrx_word' id='word_1_145' title='bbox 1680 3354 2066 3457; x_wconf 86' lang='lat' dir='ltr'>producta</span> <span class='ocrx_word' id='word_1_146' title='bbox 2096 3356 2371 3439; x_wconf 80' lang='lat' dir='ltr'>locum</span> 
     </span>
     <span class='ocr_line' id='line_1_26' title="bbox 316 3470 2368 3573; baseline 0 -27"><span class='ocrx_word' id='word_1_147' title='bbox 316 3470 563 3555; x_wconf 78' lang='lat' dir='ltr'>habet</span> <span class='ocrx_word' id='word_1_148' title='bbox 608 3471 693 3546; x_wconf 90' lang='lat' dir='ltr'>in</span> <span class='ocrx_word' id='word_1_149' title='bbox 745 3471 1347 3553; x_wconf 87' lang='lat' dir='ltr'>Cucurbitaceis.</span> <span class='ocrx_word' id='word_1_150' title='bbox 1442 3471 1717 3547; x_wconf 90' lang='lat' dir='ltr'>Loculi</span> <span class='ocrx_word' id='word_1_151' title='bbox 1772 3471 2084 3571; x_wconf 82' lang='lat' dir='ltr'>angusti</span> <span class='ocrx_word' id='word_1_152' title='bbox 2126 3494 2368 3573; x_wconf 86' lang='lat' dir='ltr'>appo·</span> 
     </span>
     <span class='ocr_line' id='line_1_27' title="bbox 320 3582 2369 3676; baseline 0.002 -18"><span class='ocrx_word' id='word_1_153' title='bbox 320 3582 449 3658; x_wconf 63' lang='lat' dir='ltr'>s‘iti</span> <span class='ocrx_word' id='word_1_154' title='bbox 501 3583 807 3661; x_wconf 80' lang='lat' dir='ltr'>sinuosi</span> <span class='ocrx_word' id='word_1_155' title='bbox 857 3584 942 3658; x_wconf 91' lang='lat' dir='ltr'>in</span> <span class='ocrx_word' id='word_1_156' title='bbox 990 3582 1398 3667; x_wconf 86' lang='lat' dir='ltr'>filamento</span> <span class='ocrx_word' id='word_1_157' title='bbox 1452 3582 1902 3676; x_wconf 82' lang='lat' dir='ltr'>decurrunt,</span> <span class='ocrx_word' id='word_1_158' title='bbox 1929 3601 2369 3667; x_wconf 78' lang='lat' dir='ltr'>extrorsum</span> 
     </span>
     <span class='ocr_line' id='line_1_28' title="bbox 321 3696 835 3783; baseline -0.006 -9"><span class='ocrx_word' id='word_1_159' title='bbox 321 3696 835 3783; x_wconf 79' lang='lat' dir='ltr'>dehiscentes.</span> 
     </span>
     <span class='ocr_line' id='line_1_29' title="bbox 513 3809 2377 3920; baseline -0.001 -29"><span class='ocrx_word' id='word_1_160' title='bbox 513 3811 1179 3913; x_wconf 82' lang='lat' dir='ltr'>Anamorphosin·</span> <span class='ocrx_word' id='word_1_161' title='bbox 1235 3812 1343 3889; x_wconf 89' lang='lat' dir='ltr'>ob</span> <span class='ocrx_word' id='word_1_162' title='bbox 1416 3814 1978 3915; x_wconf 79' lang='lat' dir='ltr'>expansionem</span> <span class='ocrx_word' id='word_1_163' title='bbox 2051 3809 2377 3920; x_wconf 75' lang='lat' dir='ltr'>petaloi-</span> 
     </span>
     <span class='ocr_line' id='line_1_30' title="bbox 322 3924 2416 4028; baseline 0.001 -28"><span class='ocrx_word' id='word_1_164' title='bbox 322 3924 561 4011; x_wconf 77' lang='lat' dir='ltr'>deam</span> <span class='ocrx_word' id='word_1_165' title='bbox 633 3926 720 4011; x_wconf 86' lang='lat' dir='ltr'>in</span> <span class='ocrx_word' id='word_1_166' title='bbox 792 3926 1261 4028; x_wconf 83' lang='lat' dir='ltr'>Alpiniaceis</span> <span class='ocrx_word' id='word_1_167' title='bbox 1293 3938 1295 3942; x_wconf 68' lang='lat'><em>‘</em></span> <span class='ocrx_word' id='word_1_168' title='bbox 1333 3925 1716 4007; x_wconf 80' lang='lat' dir='ltr'>videmus.</span> <span class='ocrx_word' id='word_1_169' title='bbox 1847 3928 2084 4026; x_wconf 84' lang='lat' dir='ltr'>Calyx</span> <span class='ocrx_word' id='word_1_170' title='bbox 2155 3925 2416 4005; x_wconf 79' lang='lat' dir='ltr'>adest&#39;</span> 
     </span>
     <span class='ocr_line' id='line_1_31' title="bbox 324 4040 2371 4146; baseline 0.002 -32"><span class='ocrx_word' id='word_1_171' title='bbox 324 4062 695 4141; x_wconf 86' lang='lat' dir='ltr'>superus,</span> <span class='ocrx_word' id='word_1_172' title='bbox 769 4040 1068 4123; x_wconf 73' lang='lat' dir='ltr'>corolla</span> <span class='ocrx_word' id='word_1_173' title='bbox 1129 4041 1636 4144; x_wconf 80' lang='lat' dir='ltr'>monopetala</span> <span class='ocrx_word' id='word_1_174' title='bbox 1656 4102 1676 4130; x_wconf 89' lang='lat'><strong>,</strong></span> <span class='ocrx_word' id='word_1_175' title='bbox 1749 4041 2001 4121; x_wconf 82' lang='lat' dir='ltr'>limbo</span> <span class='ocrx_word' id='word_1_176' title='bbox 2053 4040 2371 4146; x_wconf 76' lang='lat' dir='ltr'>duplici,</span> 
     </span>
    </p>
   </div>
  </div>
 </body>
</html>
