2843 4800
1128 332 1564 424 GEMM'A..
2215 294 2364 453 215

452 551 594 634 ria
655 555 829 632 aut
889 560 1415 662 aggregata,
1477 512 1848 658 simplex
1909 555 2079 632 aut
2139 575 2363 671 com-

433 688 755 803 posita.

518 899 1103 980 Gemmificatio
1168 903 1533 1002 completa
1605 913 1751 987 est,
1814 900 1880 975 si
1925 900 2224 976 ram‘us
2242 899 2363 975 fo-

321 1016 448 1090 liis
512 1017 941 1091 instructus
994 1038 1036 1090 e
1085 1037 1397 1112 gemma
1450 1012 1601 1087 exit
1645 1011 1885 1089 flores
1932 1012 2376 1115 proferens:

322 1127 740 1226 Ejusmodi
838 1152 1238 1226 gemmam
1333 1125 1574 1201 folii-
1600 1114 2035 1202 floriferam
2140 1139 2368 1201 vocat·

318 1242 712 1318 Linnaeus
786 1243 1029 1340 (Diss.
1107 1243 1489 1316 Gemmae
1552 1240 1808 1315 arbor.
1847 1264 2070 1341 Qresp
2131 1236 2364 1321 Loef-

320 1355 486 1454 ling
556 1360 725 1433 Am.
803 1380 909 1430 ac-
967 1357 1057 1430 V.
1116 1356 1185 1426 2.
1250 1379 1323 1451 p.
1387 1353 1648 1449 182.).·
1713 1349 2363 1433 Rarissimenm-

322 1493 475 1561 nes,
513 1468 1001 1566 gemmaein
1053 1462 1332 1542 eadem
1380 1467 1618 1568 stirpe
1669 1467 2103 1568 completae
2152 1471 2370 1541 sunt:

323 1579 446 1657 Ad
514 1582 983 1681 completam
1020 1578 1463 1665 wreferimus
1528 1605 1702 1656 eam
1765 1579 2363 1681 gemmfficatip—

325 1718 512 1769 nem
583 1719 728 1771 seu
796 1691 1485 1781 ramificationem,
1558 1719 1761 1795 quae
1832 1718 2001 1771 non
2049 1697 2366 1794 semper

327 1807 612 1886 eodem
662 1808 842 1884 loco
893 1807 1410 1908 incompletas
1458 1808 1697 1883 hahet
1744 1831 2151 1905 gemmas..
2219 1846 2224 1851 -

510 1926 871 1998 Gemma·
922 1920 1321 2022 completa·
1385 1922 1451 1996 si
1528 1920 1778 2008 adest,
1857 1936 1991 1997 aut
2049 1943 2364 2020 semper

319 2035 403 2110 in
453 2036 934 2112 extremitate
981 2034 1183 2111 rami
1234 2034 1585 2133 emergit,
1633 2049 1725 2111 ut
1769 2035 1857 2108 in
1901 2038 2126 2131 Pyro
2143 2032 2366 2123 Malo

317 2163 416 2224 et.
439 2149 874 2237 communi,
924 2163 1060 2224 aut
1105 2173 1588 2249 numquam,
1650 2162 1744 2224 ut
1787 2148 1875 2221 in
1916 2146 2364 2245 Amygdalo‘

317 2264 638 2338 Persica.
787 2266 1123 2362 Semper
1205 2263 1408 2338 rami
1481 2260 1886 2337 fructiferi
1945 2261 2366 2337 crassiores

320 2391 504 2453 sunt
555 2399 782 2454 mere
829 2373 1209 2452 foliiferis
1261 2390 1339 2454 et
1381 2376 1470 2451 in
1518 2381 1721 2473 Pyro
1772 2376 1983 2484 Malo
2038 2389 2115 2451 et
2146 2378 2362 2452 com-

321 2491 546 2565 muni
583 2489 1031 2588 (cfr.149.).
1113 2487 1474 2564 Eandem
1511 2491 1619 2565 oh
1655 2515 1969 2567 causam
1995 2512 2366 2587 gemmae

320 2585 732 2679 inferiores
778 2627 1005 2704 saepe
1051 2602 1561 2702 inexplicatae
1608 2617 2021 2679 remanent
2069 2603 2346 2700 (127)..

517 2716 600 2792 Si
650 2739 1009 2814 gemmae
1055 2714 1451 2815 floriferae
1500 2739 1812 2817 semper
1861 2730 1937 2791 et
1981 2716 2186 2790 locis
2243 2714 2362 2789 di-

321 2830 620 2906 stinctis
654 2855 697 2905 a
748 2831 1080 2926 gemmis
1127 2809 1491 2910 foliiferis
1540 2843 1933 2929 separatae
1980 2840 2182 2914 sunt,
2231 2852 2364 2922 va-j

315 2945 451 3019 riis
545 2943 816 3019 modis
901 2943 990 3019 id
1080 2942 1375 3038 accidit,
1514 2948 1894 3019 Gemmae
1963 2940 2359 3044 ssorilera'e

313 3056 1005 3160 hermaphroditae
1063 3071 1251 3134 sunt
1314 3069 1394 3131 et
1454 3056 1602 3130 sub
1665 3054 2027 3131 foliiferis
2076 3079 2355 3156 prove-

317 3169 567 3257 niunt.
623 3185 716 3247 ut
776 3171 865 3247 in
928 3173 1268 3273 Daphne
1325 3175 1758 3247 Mezereo.·
1809 3173 2144 3244 Gemma
2179 3177 2360 3243 ter-'s

246 3277 252 3282 ’
316 3283 627 3358 minalis
672 3299 895 3380 tunc
914 3286 1151 3362 etiam
1196 3282 1536 3362 foliifera
1587 3296 1734 3369 est,
1787 3296 1864 3358 et
1911 3281 2306 3358 laterales
2297 3307 2361 3356 e

316 3423 537 3473 ramo
582 3399 1037 3476 abbreviato
1088 3400 1280 3476 oriri
1329 3397 1717 3473 videntur.
1933 3417 1939 3424 ·
2027 3417 2032 3422 ’
2131 3423 2138 3432 ·
2295 3427 2302 3434 “

507 3494 887 3589 Gemmae
934 3511 1321 3589 foliiierae
1362 3503 1824 3588 terminales
1860 3467 2075 3598 sunt,
2108 3510 2353 3586 flori

315 3620 523 3699 ferae
607 3641 743 3703 aut
811 3621 1238 3713 masculae,
1306 3639 1443 3700 aut
1519 3622 1908 3700 femineae
1987 3615 2362 3710 laterales,

310 3761 377 3811 e.
427 3759 496 3835 g.
545 3738 629 3814 in
677 3741 1027 3842 Populis'
1058 3754 1134 3816 et
1182 3738 1564 3815 salicibus
1614 3738 2118 3839 quibusdam..
2465 3769 2480 3778 ·

496 3853 780 3932 Flores
828 3852 1152 3930 feminei
1207 3877 1394 3948 cum
1442 3849 1655 3927 foliis
1703 3877 1811 3928 ex
1841 3851 2123 3946 eadem
2169 3876 2353 3951 pro-

316 3964 641 4042 veniunt
672 3991 1004 4065 gemma,
1034 3966 1364 4043 masculi
1415 3965 1612 4041 nudi
1667 3979 2098 4062 emergunt,
2145 3979 2240 4039 ut
2267 3965 2360 4038 in

316 4080 808 4158 Amentaceis
856 4080 1379 4185 quibusdam
1424 4104 1486 4156 e.
1538 4104 1605 4179 g·
1657 4078 1946 4177 Corylo
2007 4088 2162 4155 etc.
2255 4078 2354 4153 Hi
