2843 4800
499 319 647 395 280
1297 412 1300 415 ¹
1362 318 1682 395 FLOS.

1829 450 1867 481 q

509 519 865 594 connatis
910 518 1350 594 invenitur.
1478 518 1760 595 Carina
1834 541 2004 593 non
2037 524 2042 527 ’
2079 517 2449 611 vexillum
2485 543 2560 596 ‘e

511 633 830 723 duobus
882 647 1185 709 constat
1231 634 1538 735 petaliS‚
1587 634 1746 708 hoc
1799 634 2014 708 enim
2062 632 2335 708 medio
2385 658 2560 708 ner-

508 772 796 821 vosum
851 762 994 836 est,-
1045 750 1301 823 nervis
1355 748 2094 848 deliquescentibus

709 862 1592 964 Consabpapt'lionacea
1639 862 2092 937 hexamoria
2129 877 2259 949 est,
2309 861 2565 960 cal'yce

516 978 903 1052 exteriore
945 978 1316 1077 triphyllo
1371 992 1505 1053 aut
1550 977 1974 1077 tripartito,
2023 977 2310 1078 phyllis
2362 976 2565 1052 duo-

512 1090 665 1166 bus
779 1082 1009 1165 orbis*
1112 1091 1507 1166 interioris
1619 1091 1988 1166 vexillum
2103 1092 2565 1192 bipartitum

514 1204 600 1278 in
665 1205 1031 1302 Polygala
1108 1205 1796 1293 constituentibus,
1846 1205 1931 1278 in
1980 1205 2357 1281 Heisteria
2411 1206 2566 1281 alas

445 1406 465 1425 ‘
516 1318 1087 1415 calyciformes;
1153 1319 1448 1397 corolla
1514 1318 2250 1421 tripetala,infimo
2304 1319 2563 1420 petalo

517 1431 1098 1521 carinaeformi,
1173 1432 1621 1509 lateralibus
1695 1433 1781 1507 in
1843 1433 2210 1532 Polygala
2277 1433 2431 1508 alas
2481 1433 2567 1509 in

517 1549 896 1623 Heisteria
949 1542 1292 1623 carinam
1343 1545 1893 1630 formantibus.
2505 1534 2516 1540 ⁵

719 1650 1384 1763 Complz'catzonem
1472 1661 1816 1738 corollae
1890 1678 2067 1738 ante
2147 1660 2568 1743 florescen-

516 1775 709 1850 tiam
757 1777 1150 1852 Linnaeus
1202 1777 1791 1851 aestivationem
1839 1777 2159 1852 vocavit.
2271 1778 2584 1853 Recen-

515 1890 758 1967 tiore's
809 1891 1317 1989 neglexerunt
1364 1914 1621 1989 usque
1658 1889 1753 1964 ad
1787 1892 1877 1966 R.
1912 1891 2395 1979 Brownium,
2433 1887 2568 1991 qui

518 2004 665 2081 hac
747 2007 832 2079 in
918 2006 1336 2080 ordinibus
1418 2003 1908 2079 naturalibus
1999 2004 2571 2102 distinguendis
2658 2014 2665 2018 '

519 2119 855 2195 feliciter
917 2111 1111 2194 usus
1164 2132 1294 2194 est.
1405 2118 1694 2219 Compl.
1748 2119 2298 2196 accumbentem
2349 2143 2572 2206 veen,

521 2233 585 2308 si
638 2248 1035 2340 segmenta
1088 2233 1437 2334 petalave
1486 2231 1859 2319 lateribus
1909 2233 2056 2306 sibi
2095 2234 2576 2308 accumbunt

523 2347 1060 2447 (Campanula
1114 2347 1296 2444 etc.)
1349 2345 1840 2444 imbrz'catam,
1890 2347 1953 2421 si
2003 2346 2376 2422 lateribus
2427 2343 2572 2421 sibi

512 2462 888 2562 ‘imposita
955 2475 1169 2547 sunt,
1239 2464 1654 2538 valvae-eam
1725 2477 1799 2537 et
1864 2453 2192 2563 quidem
2242 2461 2574 2561 triparti-

521 2589 705 2663 tam,
768 2576 845 2650 *si
895 2600 1157 2651 unum
1226 2591 1477 2663 extUS,
1556 2577 1720 2652 duo
1784 2579 1998 2651 intus
2068 2575 2321 2677 posita
2374 2588 2574 2663 sunt,

525 2688 1208 2791 quadripartitam,
1261 2691 1322 2763 si
1378 2690 1550 2766 duo*
1601 2706 1835 2778 extus,
1874 2690 2038 2765 duo
2074 2690 2288 2791 intus
2321 2690 2575 2791 posita

522 2820 740 2894 sunt,
797 2804 1538 2908 quinquepartitam,
1590 2806 1653 2880 si
1702 2831 1963 2881 unum
2016 2818 2264 2891 extuS,
2315 2828 2574 2879 unum

520 2920 735 2994 intus
783 2922 1137 3021 positum
1190 2932 1319 2993 est.
1417 2922 1512 2995 In
1566 2920 1882 2995 corollis
1935 2920 2367 3019 sexpartitis
2433 2918 2575 2992 du

456 3027 467 3030 ⁴
520 3033 699 3135 plex
763 3035 1002 3109 series
1077 3032 1314 3109 adest.
1428 3015 1610 3130 Cor.
1675 3033 1954 3108 labiata
2021 3047 2096 3107 et
2142 3033 2576 3133 papiliona-

523 3173 656 3224 cea
718 3149 1026 3224 babent
1097 3127 1790 3249 complicationem
1850 3145 2356 3233 valvaceam,
2363 3172 2576 3221 nam

525 3262 738 3359 galea
809 3251 1024 3337 extus
1085 3262 1342 3363 posita
1407 3276 1554 3347 est,
1620 3261 1739 3335 uti
1801 3260 2198 3334 vexillum·
2289 3261 2574 3339 Rarius

520 3376 773 3477 petala
822 3375 1177 3451 involuta
1228 3389 1415 3449 sunt
1466 3364 2137 3471 (Umbell'iferae).

721 3489 1041 3566 Corolla
1102 3490 1199 3564 ab
1264 3489 1632 3590 apicibus
1680 3489 1879 3577 hiat,
1964 3503 2100 3564 aut
2162 3489 2584 3564 lateraliter

527 3603 878 3705 apicibus
927 3617 1250 3679 verruca
1304 3597 1942 3705 cohaerentibus,
2007 3616 2099 3677 ut
2144 3599 2230 3677 in
2282 3603 2577 3696 corolla

485 3747 487 3750 ¹
524 3718 840 3820 ligulata
893 3718 1561 3819 Compositarum.

532 3902 729 4016 166,
858 3896 1265 3991 Corolla
1329 3914 1500 3991 aut
1564 3905 1903 3992 caduca
1968 3869 2146 4001 est,
2209 3913 2381 3991 aut
2443 3904 2579 3988 de-

552 4072 562 4102 <
650 4045 935 4154 σι’ᾱιια,ι
1023 4041 1622 4162 persistens&
1777 4041 2160 4132 Paucas
2265 4038 2579 4129 hahet
