2843 4800
1101 346 1586 431 CAwULls
1571 369 1582 380 ⁸
2204 348 2346 422 165

280 537 604 634 flexum.
714 539 1055 616 Folium
1103 543 1610 644 absorptione
1671 541 2079 629 evanuisse
2129 539 2339 616 vide-

281 667 435 729 tur.
534 653 796 784 Magis
835 655 1103 757 itaque
1154 683 1195 733 a
1244 682 1472 754 ramo
1524 681 1709 744 vero
1765 654 2034 754 differt
2081 680 2169 730 ac
2218 680 2336 731 ra·

280 791 469 842 mus
522 765 991 867 spinescens,
1041 795 1228 845 nam
1263 767 1456 846 folia
1492 783 1568 846 et
1613 768 1853 845 sso'res
1888 757 2336 870 numquam

278 881 366 956 in
432 880 612 983 ipso
677 877 1276 982 conspiciuntur
1335 898 1434 959 et¹
1459 882 1748 961 folium
1795 879 2137 960 fulciens
2182 882 2335 959 u'ti-

279 1019 459 1096 que
510 994 755 1071 deest.
883 994 1286 1073 Decidunt
1354 997 1472 1074 uti
1538 996 1727 1076 folia
1781 1011 1870 1072 et
1919 996 2334 1095 ambiguae

278 1123 467 1186 sunt
515 1122 771 1209 partes
818 1110 1028 1185 inter
1074 1109 1264 1186 folia
1314 1135 1761 1212 ramosque.

246 1239 259 1253 ”
471 1221 645 1299 Alia
710 1236 829 1299 est
887 1223 1341 1300 cirrhorum
1403 1223 1759 1302 conditio
1810 1224 1893 1297 in
1947 1224 2330 1310 Cucurbi-

277 1336 550 1424 taceis,
622 1333 1064 1413 Passifloris
1138 1351 1273 1420 etc.
1347 1362 1615 1416 revera
1699 1338 1859 1414 huc
1905 1337 2327 1438 pertinens.
2390 1388 2395 1395 -

278 1450 672 1528 oriuntur
709 1463 976 1551 partes
1026 1449 1463 1540 filiformes,
1511 1452 1812 1539 molles,
1864 1476 2096 1552 saepe
2151 1477 2325 1552 par-

275 1563 493 1650 titae,
571 1576 998 1651 contortae,
1073 1566 1199 1641 ad>
1250 1563 1560 1642 axillam
1597 1565 1798 1641 ffolii
1864 1566 2001 1652 ubi
2045 1590 2324 1648 ‚ramus

275 1676 607 1773 emergit
665 1691 741 1753 et
799 1692 986 1755 ante
1043 1663 1315 1777 ipsum
1364 1693 1866 1763 excrescunt„
1928 1679 2154 1760 Fofia
2204 1698 2388 1770 ra-;·

272 1791 439 1867 rius
498 1790 937 1891 proferunt,
995 1789 1136 1866 sed
1199 1803 1671 1872 structuram
1723 1817 2136 1870 ramorum
2183 1793 2377 1880 ha<

272 1904 509 1980 bent.
573 1908 832 1984 Ramo
883 1926 1070 1980 vero
1124 1901 1413 1982 eodem
1464 1905 1719 1984 modo
1772 1906 2097 1995 adstant,
2149 1932 2338 2009 quo

274 2018 514 2119 spina
1699 2041 1706 2058 ‘
2087 2073 2092 2078 -

460 2136 552 2209 In
616 2131 1057 2208 Passissoris
1121 2132 1429 2210 cirrhus
1491 2130 1593 2209 ad
1639 2156 1910 2214 ramos
1960 2107 2317 2234 pertinet,

271 2262 346 2322 et
392 2245 721 2348 quidem
771 2245 1202 2346 pedunculi
1254 2246 1436 2323 loco
1489 2260 1622 2328 est.
2323 2312 2328 2322 .

460 2359 786 2437 Cirrhos
884 2360 1633 2447 Cucurbitacearum
1729 2385 1897 2437 esse
1991 2361 2314 2463 stipulas

268 2479 460 2570 Aug.
524 2478 627 2548 St.
686 2473 978 2549 Hilaire
1039 2487 1262 2575 putat
1320 2475 1732 2570 (Memoir.
1799 2475 1869 2551 d.
1921 2482 2311 2552 Museum.

270 2593 476 2665 T.·.9.
523 2613 597 2686 p.
646 2588 875 2683 192.)
916 2602 992 2665 et
1041 2586 1494 2687 exemplum
1556 2588 1891 2676 Elaterii,
1943 2613 2322 2671 necnon¹

269 2701 713 2777 varietatem
763 2701 1237 2777 Cucurbitae
1290 2700 1637 2801 Peponis
1694 2700 2034 2786 adducit,
2103 2726 2330 2801 quae,

268 2815 607 2917 stipulas
660 2813 842 2892 loco
909 2815 1362 2890 cirrhorum
1419 2812 1919 2915 produxerat.
2032 2817 2131 2891 At
2178 2815 2307 2888 sti-

265 2929 493 3030 pulae
557 2930 749 3005 istae
809 2928 1027 3030 apice
1075 2926 1518 3003 cirrhulum
1566 2926 1992 3011 habebant3
2039 2952 2308 3020 ramus

266 3044 423 3141 (uti
476 3044 698 3145 spina
749 3042 1102 3143 saepius)
1150 3040 1342 3117 folia
1389 3038 1888 3140 produxerat.
1984 3043 2082 3119 ln
2129 3041 2330 3125 Elam,

264 3156 462 3230 terio
512 3158 657 3233 iste
708 3156 1101 3242 cirrhulus
1152 3156 1569 3256 absorptus
1615 3152 1944 3230 videtur.
2045 3153 2305 3254 Stipu-

263 3268 381 3345 lae
431 3271 645 3345 enim
693 3294 921 3349 verae
968 3280 1417 3372 numquam
1465 3268 1552 3345 in
1600 3291 1772 3345 uno
1821 3281 2134 3349 tantum
2181 3265 2303 3343 fo-

263 3382 341 3457 lii
389 3382 632 3458 latere
696 3397 1144 3479 emergunt,
1209 3398 1287 3460 et
1347 3381 1656 3469 cil-rhus
1677 3380 1996 3460 eodem
2046 3379 2331 3469 modo,

260 3523 485 3572 ramo
537 3495 787 3572 adstat
833 3497 967 3575 uti
1001 3497 1296 3597 spina.

449 3610 874 3689 Rarissime
950 3609 1183 3685 cirrhi
1261 3578 1567 3685 cultura
1647 3622 2086 3698 mutantur,
2168 3625 2304 3688 aut

257 3736 626 3822 pereunt,
674 3723 817 3799 sed
868 3722 1096 3808 certis
1138 3719 1596 3812 ordinibus
1631 3725 2120 3805 naturalibus
2174 3749 2302 3799 so·
2391 3730 2394 3737 s

254 3836 530 3913 lennes
580 3852 781 3912 sunt„
880 3872 887 3891 ·-
1794 3918 1800 3925 ,

446 3952 785 4027 Mutatio
850 3952 932 4026 in
1001 3950 1348 4026 cirrhum
1419 3951 1824 4051 spinamve
1851 3965 1949 4026 -et
1997 3951 2080 4026 in
2132 3951 2314 4035 aliis·

251 4065 606 4164 partibus
657 4065 927 4150 locum
984 4064 1253 4150 habet,
1304 4062 1406 4139 de
1457 4064 1749 4164 quibus
1797 4091 1862 4155 y.
1915 4065 1961 4139 i.
