2843 4800
916 315 1667 398 sTRUc'rmu.
2177 270 2184 277 ’
2226 321 2324 395 81

250 537 735 623 numquam·
760 510 963 609 vidi,
1023 512 1167 591 sed
1226 515 1628 593 maculam
1676 516 2097 594 obscuram
2158 543 2329 597 ma-

250 638 446 713 teria
553 654 934 732 grumosa
1020 625 1412 721 refertam.
1535 631 1991 710 Foramina
2092 657 2327 711 num·

161 744 177 766 ‘
251 774 508 853 quam
561 748 900 823 obscura
951 758 1348 846 apparent,
1398 757 1477 820 et
1506 744 1772 822 bullae
1805 750 2074 823 aereae
2101 750 2330 849 (qua-

251 888 446 939 rum
515 860 895 962 adspectu
955 856 1206 935 fietus
1253 859 1529 935 Kieser
1577 861 1878 948 omnia,
1931 887 2136 962 quae
2187 862 2330 937 ob·-

253 1002 490 1061 scura
554 976 704 1051 sub
767 972 1305 1075 microscopio
1385 972 1757 1053 videntur
1827 1001 2068 1052 vacua
2142 1002 2334 1078 pro,-

255 1088 624 1186 nuntiat)
699 1088 786 1163 in
864 1087 1140 1163 medio
1219 1110 1535 1190 semper
1605 1086 2068 1190 perlucent.-
2143 1089 2330 1169 Vidi

260 1203 585 1280 cellulas
636 1199 736 1278 ad
784 1201 1228 1299 marginem
1263 1227 1636 1278 vasorum
1672 1217 2061 1305 separatas
2120 1209 2207 1282 T.
2261 1209 2329 1284 1.

257 1316 315 1395 f.
377 1322 447 1394 5.
511 1330 589 1393 et
649 1314 702 1391 s.
746 1317 859 1392 12.
908 1315 996 1393 in
1046 1315 1262 1413 ligno
1313 1317 1491 1394 Pini
1547 1318 1816 1394 Strobi
1865 1318 2372 1408 hornotino,

258 1431 435 1507 vidi
478 1428 985 1529 hujusmodi
1017 1429 1335 1506 cellulas
1400 1456 1706 1533 sparsas
1781 1434 1867 1508 in
1941 1408 2762 1546 ¹0¹qu

261 1542 656 1622 soliorum
713 1543 892 1621 Pini
963 1544 1232 1629 Strobi
1283 1549 1373 1621 T.
1426 1550 1491 1620 1.
1541 1544 1595 1621 s.
1648 1551 1714 1624 7.
1766 1561 1844 1622 et
1889 1546 1974 1622 in
2026 1547 2333 1648 epider-

263 1658 495 1736 mide
572 1683 987 1735 ramorum
1067 1656 1482 1755 juniorum
1567 1656 1926 1757 ejusdem
2026 1662 2331 1738 arboris

268 1779 362 1853 T.
401 1779 463 1850 1.
500 1744 563 1850 -Γ,
608 1776 706 1849 5*
710 1829 726 1848 .
777 1797 923 1850 nec
971 1798 1145 1849 non
1194 1773 1578 1875 plurimas
1626 1773 1964 1848 minime
2027 1788 2335 1852 notatas

266 1914 457 1965 cum
503 1912 802 1991 paucae
849 1900 1164 1965 notatae
1215 1901 1473 1967 essent
1524 1892 1612 1965 T.
1641 1892 1705 1965 1.
1740 1885 1790 1962 s.
1825 1890 1892 1963 4.
1995 1889 2337 1983 Seriatae

270 2028 603 2105 quoque
670 2016 857 2089 sunt
917 2000 1243 2078 cellulae
1291 2002 1374 2076 in
1430 2001 1596 2078 aliis
1649 2002 2101 2091 arboribus,
2154 2028 2220 2080 e.
2266 2028 2334 2103 g.

265 2123 475 2217 Pyro
509 2117 726 2196 Malo
777 2130 854 2193 et
897 2117 1231 2218 quidem
1278 2116 1487 2194 libro
1541 2117 1853 2193 corticis
1904 2121 1995 2193 T.
2031 2123 2096 2195 l.
2131 2117 2181 2194 f.
2221 2125 2335 2196 13.

270 2244 352 2309 at
420 2257 593 2311 non
674 2245 1027 2318 notatae,
1103 2231 1288 2333 quia
1371 2255 1653 2308 succos
1711 2232 2117 2310 resinosos
2165 2258 2334 2315 non
2492 2304 2498 2309 .

170 2437 175 2442 ,
267 2346 644 2427 fundunt.
691 2345 1170 2448 Malpighius
1220 2345 1453 2424 hasce
1505 2345 1823 2426 cellulas
1872 2347 2189 2434 seriatas
2218 2347 2356 2444 in-v

272 2465 517 2554 dicat,
583 2478 660 2541 et
720 2486 1097 2540 vasorum
1156 2476 1518 2539 tumores
1575 2475 1805 2546 vocat
1865 2461 2068 2568 (ΟΡ.
2119 2488 2338 2540 omn.

268 2564 332 2656 t.
378 2582 448 2655 εἰ
497 2575 551 2652 f.
598 2576 786 2674 25..)
1186 2637 1193 2648 .
2169 2603 2180 2610 -
2221 2633 2230 2642 .

346 2770 353 2778 ,
479 2691 736 2767 Series
772 2691 1234 2769 alternantes
1282 2690 1748 2769 cellularum
1777 2692 1854 2790 l)
1890 2692 2340 2770 secundum

267 2804 863 2912 longitudinem
941 2808 1184 2909 partis
1236 2806 1672 2883 decurrunt
1720 2822 1797 2885 et
1845 2807 2224 2884 cellulae
2233 2807 2340 2883 ita

273 2922 681 3024 appositae
746 2923 1285 3024 reperiuntur,
1342 2932 1440 2995 ut
1486 2935 1703 3021 septa
1752 2944 2231 3031 numquam
2245 2920 2341 2998 in

277 3036 569 3111 eodem
602 3035 762 3109 sint
790 3036 1031 3136 plano
1065 3032 1578 3118 transversali.
1630 3031 1786 3110 Gfr.
1822 3037 1913 3109 T.
1942 3038 2006 3108 1.
2051 3031 2103 3109 f.
2127 3037 2195 3110 8
2224 3035 2339 3114 10.

281 3173 328 3225 e
378 3148 596 3236 caule
648 3149 937 3226 Orchis
985 3148 1378 3226 latifoliae.

474 3266 633 3340 Aut
674 3263 777 3361 2)
827 3263 1276 3340 secundum
1327 3263 1811 3350 diametrum
1872 3272 2345 3352 transversa-

275 3375 436 3454 lem
517 3378 761 3478 partis
845 3375 1296 3454 decurrunt.
1432 3382 1667 3479 Septa
1741 3401 2193 3480 numquam
2247 3376 2343 3468 fin

277 3490 571 3584 eodem
643 3490 887 3591 plano
964 3507 1149 3568 sunt
1220 3491 1799 3592 longitudinali.
1911 3489 2068 3592 cfr.
2136 3498 2225 3570 T.
2274 3493 2344 3588 2.

274 3602 326 3679 f.
355 3604 535 3681 26⁸.
598 3609 835 3681 Hunc
871 3619 1329 3683 contextum
1380 3604 1855 3684 cellulosum
1902 3602 2345 3683 Bernhardi

276 3720 587 3820 primus
668 3718 1045 3797 indicavit
1125 3725 1203 3796 e't
1280 3718 1848 3798 muriformem
1933 3718 2349 3822 appellavit

149 3918 153 3922 ,
279 3832 626 3929 (Handb.
680 3832 756 3910 d.
788 3817 1091 3917 Botan
1127 3862 1203 3938 p.
1255 3837 1426 3914 120
1469 3847 1540 3909 t.
1567 3839 1637 3923 5,
1685 3831 2348 3928 fi48.·.49.)·1<ie-

194 4002 221 4046 ·.
277 3970 426 4026 ser
449 3931 846 4049 (Phytot.
865 3967 941 4052 p,
990 3931 1106 4028 43
1136 3948 1321 4048 44.)
1370 3934 1723 4028 formam
1774 3972 1817 4024 e
1868 3944 2145 4045 figuris
2183 3945 2348 4035 cel-

274 4057 629 4139 lularum
683 4061 1149 4164 explicavit.
1205 4060 1487 4143 Oritur
1533 4061 1652 4142 sin
1660 4059 2013 4246 eodubio,
2059 4059 2118 4140 ti
2160 4075 2348 4138 con·
