2843 4800
978 330 1551 409 SYSTEMA.
2141 329 2285 403 441

223 550 589 636 utroque
633 528 929 620 mode,
979 546 1167 606 sunt
1214 554 1418 633 quae
1470 527 1816 605 difficile.
1887 532 2068 605 Has
2112 525 2291 603 sub-

228 653 506 753 species
571 646 923 722 dixerim.
1035 649 1210 721 Huc
1259 644 1652 761 pertinent
1689 641 2293 719 ,variae-Brassi-

227 787 371 839 cae
424 763 842 843 oleraceae
903 753 1335 835 varietates.
1442 754 1940 859 Subspeciei
1959 757 2293 833 nomine

225 900 576 979 quoque
635 874 993 972 insigniri
1052 867 1389 977 possunt
1463 888 1540 950 et
1608 887 1971 975 praestat,
2011 897 2290 1017 quam

228 992 514 1069 litteris
563 989 873 1090 graecis,
1308 1016 1313 1023 ·

432 1106 864 1215 Linnaeus,
924 1117 1017 1179 ut
1081 1042 1627 1179 Tournefortii
1694 1126 1999 1178 errores
2045 1101 2293 1223 corri-

232 1234 489 1318 geret,
520 1210 947 1295 varietates
998 1219 1235 1293 nimis
1284 1217 1808 1295 contraxit..
2065 1244 2072 1249 ⁴

437 1334 750 1429 Quodsi
835 1332 1258 1410 verisimile
1341 1332 1487 1408 tibi
1562 1330 1923 1407 videatur
1995 1330 2289 1432 species

233 1450 690 1551 propositas
732 1449 835 1524 ab
886 1470 1043 1523 uua
1099 1461 1368 1523 ortum
1416 1442 1751 1534 traxisse,
1793 1446 2088 1547 species
2132 1445 2293 1546 pri-

235 1564 551 1639 mitivas
614 1589 656 1638 a
723 1560 1206 1637 secundariis
1271 1560 1733 1660 distinguaS,
1798 1574 1876 1636 at
1919 1574 2294 1679 utrasque

204 1662 711 1761 'nominihus
760 1676 1137 1773 designes,
1206 1758 1209 1761 A
1302 1710 1307 1717 ·
2275 1733 2280 1737 .

326 1784 333 1851 ἶ
436 1791 721 1868 Nullae
783 1802 1020 1866 notae
1083 1815 1127 1866 e
1194 1760 1635 1865 charactere
1691 1752 1983 1890 speciei
2039 1789 2294 1865 exclu-

233 1905 590 1995 dendae,
658 1903 1112 1981 dummodo
1182 1918 1626 1980 constantes
1689 1906 1862 1980 sint.
1971 1909 2094 1980 Ne
2141 1929 2291 2005 pro

123 2068 129 2081 ·
236 2021 507 2097 lubitu
575 2018 937 2096 excludas
1002 2032 1230 2095 notas
1283 2044 1324 2093 e
1374 2019 1680 2108 colore,
1731 2043 2011 2121 sapore
2057 2033 2140 2096 et
2185 2019 2298 2094 via-

236 2149 363 2212 tae
413 2158 702 2234 genere
756 2132 1189 2235 desumtaS,
1238 2135 1356 2209 uti
1404 2134 1800 2210 Linnaeus
1850 2134 2133 2209 statuit.

268 2256 271 2261 ’
439 2250 862 2325 Character
926 2240 1367 2326 essentialis*
1415 2264 1561 2337 est,
1613 2249 1750 2351 qui
1803 2250 2146 2351 speciem
2197 2247 2296 2323 ab

229 2361 665 2451 omnibus,
730 2351 863 2441 aut
907 2358 1306 2464 plerisque
1357 2361 1711 2463 ejusdem
1764 2364 2103 2463 generiS,
2164 2375 2302 2439 aut

239 2476 610 2576 ejusdem
670 2478 1126 2575 subgeneris
1187 2500 1350 2552 una
1413 2479 1846 2580 paucisque
1906 2480 2117 2556 notis
2183 2478 2301 2555 di-

245 2593 592 2690 stinguit.
690 2591 1051 2669 Addatur
1099 2591 1450 2702 signum:
1483 2594 1503 2666 2

428 2708 864 2786 Character
925 2703 1266 2780 factitius
1330 2718 1475 2794 est,
1559 2705 1696 2807 qui
1777 2707 2120 2806 speciem
2199 2707 2298 2783 ab

247 2822 634 2900 omnibus
685 2821 851 2896 aliis
903 2817 1259 2917 ejusdem
1311 2820 1616 2919 generis
1668 2832 1803 2895 aut
1842 2820 2301 2917 subgeneris

248 2937 692 3035 distinguit,
773 2932 996 3009 unde
1083 2948 1321 3020 notae
1403 2958 1573 3009 non
1627 2953 1826 3011 ‘raro
1897 2933 2304 3032 augendae

250 3065 455 3125 sunt.
509 3039 521 3056 ‘
570 3054 812 3126 Onus
878 3062 994 3124 est
1056 3072 1147 3123 ex
1209 3048 1549 3149 antiquis
1614 3049 2080 3124 nominibus
2132 3074 2304 3151 spe-

253 3162 533 3249 cificiS,
613 3163 799 3240 hinc
854 3164 1218 3262 regulae,
1303 3187 1498 3270 quas
1586 3163 1784 3240 olim
1881 3162 2308 3265 proposuit

249 3278 683 3363 LinnanS,
748 3301 964 3352 nunc
1024 3281 1195 3353 non
1261 3276 1704 3354 servandae.
1825 3279 2305 3384 Hinequo-

253 3414 416 3493 que
512 3389 858 3465 ablativis
950 3407 1550 3494 proponuntur,
1646 3391 1787 3493 qui
1877 3391 2306 3491 rejiciendi,

253 3531 444 3583 cum
538 3527 992 3581 sermonem
1073 3507 1343 3582 minus
1426 3506 1726 3583 clarum
1809 3507 2149 3584 reddant
2229 3519 2348 3581 etx
2423 3541 2428 3548 ·

249 3621 552 3698 horum
644 3618 828 3695 loco
924 3619 1389 3696 nominativi
1496 3620 1959 3709 adhibendi,
2076 3644 2139 3695 e.
2236 3642 2305 3718 g.

244 3733 521 3813 -Caulis
605 3747 908 3850 erectus
956 3747 1209 3812 ¹teres.
1338 3734 1561 3812 Folia
1634 3734 2005 3836 petiolata
2082 3748 2305 3811 ovata

251 3862 476 3927 acuta
527 3863 691 3926 etc„
2255 3883 2260 3888 ·

451 3965 873 4043 Character
929 3962 1270 4041 factitius
1321 3978 1625 4041 constet
1675 3988 1717 4040 e
1768 3965 1980 4040 notis
2030 3963 2306 4054 obviis,

259 4076 304 4149 i.
369 4101 429 4152 e.
488 4079 870 4158 diuturna
932 4078 1483 4169 observatione
1528 4092 1686 4169 ‚aut
1731 4076 2035 4166 difficili
2089 4104 2310 4158 com·
