2843 4800
908 322 1631 397 VEGETATIO.
2160 324 2301 399 427

211 528 463 612 sibeS,
518 521 984 609 CaeomatiS,
1036 520 1288 595 rarius
1343 522 1839 622 Sporotrichi
1892 521 2304 622 speciebus
2425 535 2434 539 “

207 643 306 716 in
383 637 608 715 caule
668 635 1086 736 foliisque,
1153 659 1299 710 nec
1361 661 1531 711 non
1596 636 1679 710 in
1743 635 1946 712 flore
2012 651 2088 712 et
2136 662 2305 735 ger-

208 755 492 841 mine,
541 753 627 826 in
676 750 940 852 planta
989 751 1392 838 morbosa,
1423 751 1559 843 ‘uti
1615 766 1948 826 entozoa
1997 752 2082 826 in
2137 754 2299 828 ani-

210 869 600 944 malibus.
717 868 817 941 At
875 865 1175 941 Aecidii
1252 860 1596 967 speciem
1650 890 1691 941 e
1740 866 2166 942 Berberide
2217 869 2302 943 in

221 982 595 1061 Cerealia
643 980 987 1078 migrare
1036 981 1318 1082 ibique
1365 980 1825 1061 Pucciniam
1858 980 2308 1081 producere

227 1123 488 1200 posse
536 1097 663 1171 vix
714 1094 1208 1171 crediderim.

433 1213 776 1288 Nem-osis
844 1224 994 1298 est,
1060 1211 1124 1285 si
1202 1211 1557 1288 maculae
1621 1209 1886 1285 fuscae
1952 1210 2034 1284 in
2092 1210 2303 1288 foliis

220 1329 615 1405 oriuntur
690 1338 824 1402 aut
905 1323 1440 1426 superficiales
1525 1339 1660 1402 aut
1744 1325 1843 1400 ad
1927 1324 2303 1404 interiora

218 1452 735 1568 penetrantes
812 1453 933 1517 et
962 1438 1294 1540 quidem
1367 1464 1600 1543 saepe
1676 1439 1777 1521 ad
1825 1443 2306 1543 oppositam

219 1578 509 1655 usque
557 1552 945 1653 paginam.
2291 1562 2302 1591 ⁶

438 1670 750 1767 Melligo
817 1681 932 1742 est
1006 1666 1410 1746 exsudatio
1487 1668 1823 1770 liquolis
1901 1667 2153 1745 dulcis
2218 1673 2306 1746 in

223 1782 492 1871 soliiS,
542 1782 904 1869 bracteiS,
956 1782 1230 1880 calyce,
1280 1782 1632 1883 plantam
1680 1784 2023 1859 maxime
2085 1785 2307 1862 dehi-

224 1898 494 1975 litans.
623 1901 797 1972 Huc
873 1922 1202 1999 quoque
1277 1899 1618 1998 pertinet
1690 1924 2003 1975 manna.
2130 1902 2306 1976 Sal-

224 2040 432 2114 sugo
519 2026 635 2087 est
716 2008 1111 2108 ejusmodi
1181 2011 1585 2087 exsudatio
1655 2037 2085 2089 succorum
2162 2015 2308 2089 sal

226 2154 542 2204 sorum.

290 2278 301 2309 2
434 2246 533 2318 lu
608 2240 947 2316 semine
984 2239 1211 2318 facile
1277 2240 1636 2317 abortus
1663 2240 1786 2327 fit,
1871 2242 2308 2340 embryone

231 2372 378 2435 aut
422 2355 683 2443 nullo,
737 2368 871 2430 aut
913 2374 1119 2430 non
1138 2355 1587 2433 fecundato.
1696 2356 1971 2434 Clavus
2008 2373 2121 2434 est
2151 2360 2309 2434 sin-

231 2471 540 2571 gularis
607 2470 1115 2546 excrescentia
1184 2473 1588 2546 seminum
1653 2472 1740 2545 in
1795 2476 2309 2551 Graminibus

230 2601 558 2664 tantum
611 2608 1068 2670 occurrenS‚
1118 2580 1344 2657 fusco
1401 2599 1667 2659 atrove
1720 2584 2008 2678 colore.

258 2723 297 2766 ὲ.
430 2703 562 2775 De
584 2700 894 2775 morbis
919 2698 1367 2798 plantarum
1394 2697 1859 2783 multisunt,
1903 2701 2039 2797 qui
2068 2702 2311 2802 serip-

235 2817 506 2964 serint,
559 2829 633 2891 et
681 2813 931 2915 pauci,
964 2813 1120 2913 *qui
1175 2826 1529 2887 accurate
1577 2835 1750 2885 rem
1785 2811 2276 2889 tradiderint.

380 2933 661 3006 Mors
729 2929 985 3003 oritur
1049 2926 1339 3002 amisso
1403 2939 1662 3000 tono.
1719 2927 1975 3000 Tunc
2025 2941 2106 3002 et
2157 2927 2309 3004 hu·-

237 3067 489 3118 mor
512 3044 800 3131 avolat,
886 3056 990 3117 et
1044 3040 1540 3139 exygenium
1606 3040 1905 3114 accedit
1989 3039 2309 3130 fuscum

241 3154 707 3334 producens
757 3158 1148 3244 colorem,
1197 3153 1820 3278 putredinemve.
1903 3189 1906 3198 2

406 3274 708 3356 Partes
771 3270 1163 3374 separatae
1231 3269 1373 3347 diu
1440 3294 1671 3371 saepe
1735 3283 1920 3391 post
1997 3296 2305 3373 separa-

243 3381 557 3461 tic'mem
612 3408 652 3457 a
705 3386 941 3486 stirpe
989 3388 1295 3473 vivunt,
1346 3385 1471 3459 uti
1523 3385 1825 3459 semina
1880 3398 1955 3460 et
2002 3383 2307 3462 fructus

245 3501 585 3599 (poma,
623 3501 863 3599 pyra)
892 3499 1211 3586 caules,
1275 3500 1479 3574 rami
1533 3514 1706 3574 etc..
1747 3527 1752 3530 ·
1790 3504 2013 3593 Quae
2064 3501 2308 3576 siccae

242 3612 722 3689 videbantur
799 3614 1141 3715 plantae,
1221 3628 1489 3689 tamen
1562 3615 1964 3689 reviviscere
2039 3617 2308 3690 ohser-

244 3742 520 3802 vatum
564 3742 683 3803 ‘est
727 3729 812 3810 in
846 3732 1143 3806 Lemna
1170 3728 1508 3826 (Gough
1543 3729 1818 3825 Voigts
1851 3733 1944 3804 N.
1979 3734 2180 3827 Mag.
2234 3728 2307 3803 d.

245 3842 754 3940 Namrgesch.
804 3847 1006 3920 Tc4.
1053 3871 1127 3945 p.
1177 3842 1374 3936 131.)
1428 3856 1505 3918 et
1534 3842 1874 3918 Adianto
1916 3840 2305 3941 fragrante

214 3977 217 3980 ’
252 3956 608 4052 (Schrad.
642 3963 734 4035 N.
767 3964 1044 4036 Journ.
1084 3960 1157 4035 d.
1191 3964 1465 4035 Botan.
1504 3962 1592 4033 T.
1631 3960 1696 4031 l.
1735 3959 1838 4031 St.
1872 3959 1938 4031 2.
1973 3984 2048 4059 p.
2084 3959 2256 4055 δᾶ).

992 4097 1001 4106 ,2
1048 4097 1081 4128 Ι,
1234 4097 1289 4131 -Ι
1555 4099 1560 4102 Α
