2843 4800
1185 342 1505 418 rLos.
1691 416 1698 423 ,
2218 332 2362 415 247
2449 278 2467 464 ἰ

508 531 811 618 Notum
866 554 980 617 est
1027 526 1111 615 in
1159 540 1596 639 Amygdalo
1648 538 1951 616 Persica
1991 535 2358 612 fortiores

308 669 621 732 tantum
693 678 962 730 ramos
1035 654 1478 755 producere
1527 677 1878 753 gemmas
1950 647 2353 736 floriferas,

309 795 456 845 nec
531 768 976 843 debiliores.
1096 770 1191 842 In
1270 769 1627 869 utrisque
1691 780 1952 844 cortex
2002 762 2354 861 ejusdem

310 883 709 968 crassitiei,
785 905 932 957 nec
982 870 1330 956 medulla
1384 882 1710 969 diversa,
1792 894 1869 955 at
1913 879 2220 976 lignum
2268 876 2351 950 in

305 995 663 1072 florifero
715 1019 941 1069 ramo
990 993 1248 1069 multo
1315 996 1641 1070 crassius
1707 1007 1837 1069 est.
1944 992 2145 1067 Hinc
2202 989 2352 1063 mi-

306 1109 525 1184 nime
601 1106 1023 1183 debiliores
1097 1106 1390 1183 florent
1471 1108 1669 1183 rami
1758 1105 1938 1206 (cfr.
2040 1104 2349 1180 Tristan

303 1227 575 1301 Iourn.
629 1219 700 1295 d.
749 1221 978 1317 Phys.
1030 1224 1120 1295 T.
1171 1225 1282 1295 76.
1332 1247 1405 1320 p.
1458 1224 1691 1316 401.).

380 1408 385 1413 .
502 1333 757 1410 Simili
807 1332 1060 1408 modo
1111 1334 1309 1408 rami
1361 1334 1759 1411 breviores
1803 1334 2215 1409 crassiores
2262 1330 2352 1404 in

302 1455 512 1545 Pyro
562 1446 775 1523 Malo
828 1461 904 1521 et
954 1445 1385 1522 domestica
1432 1445 1672 1523 flores
1720 1460 2026 1523 tantum
2085 1442 2349 1547 profe·

302 1575 522 1647 runt,
569 1558 1167 1657 minimelongi
1221 1573 1297 1635 et
1339 1575 1636 1637 tenues.
1709 1564 1825 1636 *In
1875 1560 1998 1635 his
2038 1561 2345 1659 lignum

307 1670 649 1749 debilius
699 1687 827 1747 est.

493 1785 836 1863 Interior
904 1786 1171 1888 itaque
1247 1786 1643 1864 crescendi
1717 1788 1937 1863 nisus
2000 1808 2345 1889 praeser-

297 1901 443 1975 tim
492 1901 576 1975 in
626 1898 925 1975 florum
975 1902 1131 1997 agit
1177 1900 1812 2002 productionem,
1865 1900 2342 1976 exterior·in

297 2014 506 2101 folia,
559 2013 784 2115 quod
836 2012 1165 2114 quidem
1217 2015 1316 2092 ad
1364 2016 1687 2091 Linnaei
1731 2015 2204 2116 hypothesin
2242 2013 2341 2092 de

295 2127 923 2227 metamorphosi
976 2128 1212 2226 (14¹7)
1263 2127 1620 2230 quodam
1668 2129 1922 2206 modo
1971 2128 2194 2205 redit.
2335 2154 2338 2165 ·

1284 2480 1320 2564 1
1342 2550 1359 2567 .

738 2646 1885 2746 INFLORESCENTIA.

295 2883 495 2974 151.
620 2890 1291 3006 Itfiorescentza
1392 2902 1540 2978 est
1630 2853 1886 2979 sl‘tus⁴
1956 2884 2334 2978 florum*

411 3025 875 3116 relativus
950 3029 1060 3118 in
1134 3025 1776 3146 pedunculos
1874 3031 2329 3117 Peduncu

412 3170 546 3252 lus
604 3195 844 3255 vero
916 3181 1064 3257 est
1123 3196 1464 3256 ramus
1525 3180 1696 3256 aut
1747 3166 2050 3256 caulis
2061 3180 2332 3286 pars

408 3300 712 3394 flores
811 3307 1375 3424 proferenS‚
1469 3335 1662 3404 nec
1768 3305 2007 3398 folia
2106 3313 2337 3496 Ρετχ

409 3441 696 3534 fecta.

475 3612 871 3690 Linnaeus
934 3614 1481 3717 pedunculum
1550 3642 1592 3693 a
1645 3616 1951 3718 petiolo
1995 3618 2332 3720 primus

287 3721 638 3801 distinxit
699 3727 942 3824 (Phil.
1004 3730 1165 3805 bot.
1226 3729 1437 3825 201.)
1497 3742 1577 3804 et
1621 3744 1997 3806 truncum
2044 3730 2324 3840 partia³

176 3924 187 3929 ‚
281 3836 442 3912 lem
515 3843 863 3919 vocavit
883 3841 1603 3920 fructificationem
1665 3843 2094 3921 elevantem
2177 3837 2326 3917 ned

282 3949 470 4026 lolia
534 3952 772 4049 (ibid.
833 3961 950 4035 82.
1012 3956 1169 4053 D.‚)
1234 3973 1524 4058 quem
1521 3981 1821 4033 omnes
1867 3955 2072 4032 fere
2075 3957 2323 4032 Rota

282 4064 435 4142 nici
488 4071 733 4148 secuti
766 4087 985 4147 sunt.
1079 4075 1433 4147 Bracteas
1486 4070 1980 4172 pedunculus
2036 4071 2317 4171 saepis·

2326 4307 2507 4368 ...μ
