<?xml version="1.0" encoding="UTF-8"?>
<!DOCTYPE html PUBLIC "-//W3C//DTD XHTML 1.0 Transitional//EN"
    "http://www.w3.org/TR/xhtml1/DTD/xhtml1-transitional.dtd">
<html xmlns="http://www.w3.org/1999/xhtml" xml:lang="en" lang="en">
 <head>
  <title>
</title>
<meta http-equiv="Content-Type" content="text/html;charset=utf-8" />
  <meta name='ocr-system' content='tesseract 3.04.00' />
  <meta name='ocr-capabilities' content='ocr_page ocr_carea ocr_par ocr_line ocrx_word'/>
</head>
<body>
  <div class='ocr_page' id='page_1' title='image "./elementaphiloso01linkgoog_0164.png"; bbox 0 0 2843 4800; ppageno 0'>
   <div class='ocr_carea' id='block_1_1' title="bbox 523 321 1757 425">
    <p class='ocr_par' dir='ltr' id='par_1_1' title="bbox 523 321 1757 425">
     <span class='ocr_line' id='line_1_1' title="bbox 523 321 1757 425; baseline -0.005 0"><span class='ocrx_word' id='word_1_1' title='bbox 523 352 667 425; x_wconf 78' lang='lat' dir='ltr'><strong>15ss</strong></span> <span class='ocrx_word' id='word_1_2' title='bbox 1317 321 1757 425; x_wconf 78' lang='lat' dir='ltr'><strong>CAULiS.</strong></span> 
     </span>
    </p>
   </div>
   <div class='ocr_carea' id='block_1_2' title="bbox 408 545 2574 4175">
    <p class='ocr_par' dir='ltr' id='par_1_2' title="bbox 438 545 2574 1763">
     <span class='ocr_line' id='line_1_2' title="bbox 522 545 2562 651; baseline 0.001 -27"><span class='ocrx_word' id='word_1_3' title='bbox 522 570 880 651; x_wconf 88' lang='lat' dir='ltr'><strong>quoque,</strong></span> <span class='ocrx_word' id='word_1_4' title='bbox 928 546 1014 621; x_wconf 89' lang='lat' dir='ltr'><strong>in</strong></span> <span class='ocrx_word' id='word_1_5' title='bbox 1065 545 1481 623; x_wconf 84' lang='lat' dir='ltr'><strong>arboribus</strong></span> <span class='ocrx_word' id='word_1_6' title='bbox 1509 567 1514 572; x_wconf 79' lang='grc'><em>·</em></span> <span class='ocrx_word' id='word_1_7' title='bbox 1527 545 1711 646; x_wconf 84' lang='lat' dir='ltr'><strong>gelu</strong></span> <span class='ocrx_word' id='word_1_8' title='bbox 1755 545 2005 636; x_wconf 88' lang='lat' dir='ltr'><strong>tactis,</strong></span> <span class='ocrx_word' id='word_1_9' title='bbox 2051 548 2195 626; x_wconf 91' lang='lat' dir='ltr'><strong>ubi</strong></span> <span class='ocrx_word' id='word_1_10' title='bbox 2242 548 2562 648; x_wconf 74' lang='lat' dir='ltr'><strong>lignuin&#39;</strong></span> 
     </span>
     <span class='ocr_line' id='line_1_3' title="bbox 438 660 2555 759; baseline -0 -20"><span class='ocrx_word' id='word_1_11' title='bbox 438 720 440 722; x_wconf 59' lang='grc'><em>»</em></span> <span class='ocrx_word' id='word_1_12' title='bbox 517 676 934 739; x_wconf 88' lang='lat' dir='ltr'><strong>mortuum</strong></span> <span class='ocrx_word' id='word_1_13' title='bbox 996 676 1187 750; x_wconf 89' lang='lat' dir='ltr'><strong>erat,</strong></span> <span class='ocrx_word' id='word_1_14' title='bbox 1270 674 1532 736; x_wconf 85' lang='lat' dir='ltr'><strong>cortex</strong></span> <span class='ocrx_word' id='word_1_15' title='bbox 1600 683 1786 736; x_wconf 85' lang='lat' dir='ltr'><strong>vero</strong></span> <span class='ocrx_word' id='word_1_16' title='bbox 1853 660 2149 759; x_wconf 78' lang='lat' dir='ltr'><strong>vigenS,</strong></span> <span class='ocrx_word' id='word_1_17' title='bbox 2223 676 2555 740; x_wconf 86' lang='lat' dir='ltr'><strong>stratum</strong></span> 
     </span>
     <span class='ocr_line' id='line_1_4' title="bbox 521 773 2557 873; baseline -0.001 -20"><span class='ocrx_word' id='word_1_18' title='bbox 521 776 922 854; x_wconf 77' lang='lat' dir='ltr'>observavi</span> <span class='ocrx_word' id='word_1_19' title='bbox 996 788 1112 850; x_wconf 85' lang='lat' dir='ltr'><strong>sat</strong></span> <span class='ocrx_word' id='word_1_20' title='bbox 1184 799 1528 849; x_wconf 88' lang='lat' dir='ltr'><strong>crassum</strong></span> <span class='ocrx_word' id='word_1_21' title='bbox 1599 773 1947 848; x_wconf 87' lang='lat' dir='ltr'><strong>formari.</strong></span> <span class='ocrx_word' id='word_1_22' title='bbox 2064 778 2250 851; x_wconf 82' lang='lat' dir='ltr'><strong>Non</strong></span> <span class='ocrx_word' id='word_1_23' title='bbox 2324 788 2557 873; x_wconf 84' lang='lat' dir='ltr'><strong>negat</strong></span> 
     </span>
     <span class='ocr_line' id='line_1_5' title="bbox 518 886 2554 1002; baseline 0 -37"><span class='ocrx_word' id='word_1_24' title='bbox 518 892 653 966; x_wconf 88' lang='lat' dir='ltr'><strong>Du</strong></span> <span class='ocrx_word' id='word_1_25' title='bbox 698 886 977 965; x_wconf 89' lang='lat' dir='ltr'><strong>Hamel</strong></span> <span class='ocrx_word' id='word_1_26' title='bbox 1027 903 1104 964; x_wconf 90' lang='lat' dir='ltr'><strong>et</strong></span> <span class='ocrx_word' id='word_1_27' title='bbox 1147 902 1452 990; x_wconf 88' lang='lat' dir='ltr'><strong>partem</strong></span> <span class='ocrx_word' id='word_1_28' title='bbox 1502 911 1546 961; x_wconf 89' lang='lat' dir='ltr'><strong>e</strong></span> <span class='ocrx_word' id='word_1_29' title='bbox 1593 886 1808 984; x_wconf 83' lang='lat' dir='ltr'><strong>ligno</strong></span> <span class='ocrx_word' id='word_1_30' title='bbox 1848 887 2189 1002; x_wconf 85' lang='lat' dir='ltr'><strong>prodire,</strong></span> <span class='ocrx_word' id='word_1_31' title='bbox 2223 913 2370 964; x_wconf 91' lang='lat' dir='ltr'><strong>nec</strong></span> <span class='ocrx_word' id='word_1_32' title='bbox 2403 889 2554 965; x_wconf 89' lang='lat' dir='ltr'><strong>du-</strong></span> 
     </span>
     <span class='ocr_line' id='line_1_6' title="bbox 518 1000 2574 1106; baseline -0 -27"><span class='ocrx_word' id='word_1_33' title='bbox 518 1006 765 1079; x_wconf 90' lang='lat' dir='ltr'><strong>bitare</strong></span> <span class='ocrx_word' id='word_1_34' title='bbox 829 1003 1039 1090; x_wconf 87' lang='lat' dir='ltr'><strong>licet,</strong></span> <span class='ocrx_word' id='word_1_35' title='bbox 1115 1027 1301 1078; x_wconf 89' lang='lat' dir='ltr'><strong>cum</strong></span> <span class='ocrx_word' id='word_1_36' title='bbox 1362 1000 1557 1076; x_wconf 88' lang='lat' dir='ltr'><strong>radii</strong></span> <span class='ocrx_word' id='word_1_37' title='bbox 1611 1000 1801 1106; x_wconf 84' lang='lat' dir='ltr'><strong>ligni</strong></span> <span class='ocrx_word' id='word_1_38' title='bbox 1852 1025 1894 1077; x_wconf 89' lang='lat' dir='ltr'><strong>e</strong></span> <span class='ocrx_word' id='word_1_39' title='bbox 1943 1015 2180 1077; x_wconf 86' lang='lat' dir='ltr'><strong>strato</strong></span> <span class='ocrx_word' id='word_1_40' title='bbox 2230 1002 2315 1075; x_wconf 90' lang='lat' dir='ltr'><strong>in</strong></span> <span class='ocrx_word' id='word_1_41' title='bbox 2364 1018 2574 1078; x_wconf 70' lang='lat' dir='ltr'><strong>stra--</strong></span> 
     </span>
     <span class='ocr_line' id='line_1_7' title="bbox 515 1115 2552 1246; baseline -0.001 -52"><span class='ocrx_word' id='word_1_42' title='bbox 515 1133 693 1195; x_wconf 89' lang='lat' dir='ltr'><strong>tum</strong></span> <span class='ocrx_word' id='word_1_43' title='bbox 769 1118 1063 1217; x_wconf 85' lang='lat' dir='ltr'>absque</span> <span class='ocrx_word' id='word_1_44' title='bbox 1132 1115 1708 1246; x_wconf 80' lang='lat' dir='ltr'><strong>interruptione</strong></span> <span class='ocrx_word' id='word_1_45' title='bbox 1776 1129 2189 1191; x_wconf 86' lang='lat' dir='ltr'><strong>transeant.</strong></span> <span class='ocrx_word' id='word_1_46' title='bbox 2297 1122 2406 1195; x_wconf 91' lang='lat' dir='ltr'><strong>Ut</strong></span> <span class='ocrx_word' id='word_1_47' title='bbox 2461 1119 2552 1192; x_wconf 95' lang='lat' dir='ltr'><strong>in</strong></span> 
     </span>
     <span class='ocr_line' id='line_1_8' title="bbox 519 1229 2554 1329; baseline -0 -20"><span class='ocrx_word' id='word_1_48' title='bbox 519 1231 744 1309; x_wconf 91' lang='lat' dir='ltr'><strong>omni</strong></span> <span class='ocrx_word' id='word_1_49' title='bbox 791 1232 1280 1307; x_wconf 89' lang='lat' dir='ltr'><strong>incremento</strong></span> <span class='ocrx_word' id='word_1_50' title='bbox 1334 1229 1704 1326; x_wconf 87' lang='lat' dir='ltr'><strong>organico</strong></span> <span class='ocrx_word' id='word_1_51' title='bbox 1755 1242 2009 1329; x_wconf 83' lang='lat' dir='ltr'><strong>partes</strong></span> <span class='ocrx_word' id='word_1_52' title='bbox 2059 1254 2310 1306; x_wconf 84' lang='lat' dir='ltr'><strong>novae</strong></span> <span class='ocrx_word' id='word_1_53' title='bbox 2345 1231 2554 1308; x_wconf 89' lang='lat' dir='ltr'><strong>inter</strong></span> 
     </span>
     <span class='ocr_line' id='line_1_9' title="bbox 517 1341 2551 1430; baseline 0 -7"><span class='ocrx_word' id='word_1_54' title='bbox 517 1345 820 1423; x_wconf 87' lang='lat' dir='ltr'><strong>adultas</strong></span> <span class='ocrx_word' id='word_1_55' title='bbox 900 1358 1358 1430; x_wconf 88' lang='lat' dir='ltr'><strong>nascuntur,</strong></span> <span class='ocrx_word' id='word_1_56' title='bbox 1440 1342 1549 1417; x_wconf 89' lang='lat' dir='ltr'><strong>sic</strong></span> <span class='ocrx_word' id='word_1_57' title='bbox 1629 1354 1707 1416; x_wconf 88' lang='lat' dir='ltr'><strong>et</strong></span> <span class='ocrx_word' id='word_1_58' title='bbox 1774 1341 1862 1415; x_wconf 92' lang='lat' dir='ltr'><strong>in</strong></span> <span class='ocrx_word' id='word_1_59' title='bbox 1938 1342 2096 1418; x_wconf 90' lang='lat' dir='ltr'><strong>hoc</strong></span> <span class='ocrx_word' id='word_1_60' title='bbox 2161 1368 2345 1421; x_wconf 89' lang='lat' dir='ltr'><strong>casu</strong></span> <span class='ocrx_word' id='word_1_61' title='bbox 2400 1371 2551 1423; x_wconf 89' lang='lat' dir='ltr'><strong>no·-</strong></span> 
     </span>
     <span class='ocr_line' id='line_1_10' title="bbox 511 1455 2551 1577; baseline -0 -41"><span class='ocrx_word' id='word_1_62' title='bbox 511 1463 656 1536; x_wconf 82' lang='lat' dir='ltr'><strong>vae</strong></span> <span class='ocrx_word' id='word_1_63' title='bbox 700 1461 906 1534; x_wconf 87' lang='lat' dir='ltr'><strong>inter</strong></span> <span class='ocrx_word' id='word_1_64' title='bbox 962 1458 1271 1577; x_wconf 83' lang='lat' dir='ltr'><strong>lignum</strong></span> <span class='ocrx_word' id='word_1_65' title='bbox 1331 1470 1409 1531; x_wconf 87' lang='lat' dir='ltr'><strong>et</strong></span> <span class='ocrx_word' id='word_1_66' title='bbox 1458 1455 1831 1531; x_wconf 86' lang='lat' dir='ltr'><strong>corticem</strong></span> <span class='ocrx_word' id='word_1_67' title='bbox 1881 1473 2328 1534; x_wconf 88' lang='lat' dir='ltr'><strong>accrescunt</strong></span> <span class='ocrx_word' id='word_1_68' title='bbox 2352 1486 2551 1563; x_wconf 89' lang='lat' dir='ltr'><strong>par·</strong></span> 
     </span>
     <span class='ocr_line' id='line_1_11' title="bbox 512 1567 2547 1710; baseline 0 -60"><span class='ocrx_word' id='word_1_69' title='bbox 512 1588 662 1661; x_wconf 87' lang='lat' dir='ltr'><strong>tes,</strong></span> <span class='ocrx_word' id='word_1_70' title='bbox 709 1567 814 1648; x_wconf 88' lang='lat' dir='ltr'><strong>ita</strong></span> <span class='ocrx_word' id='word_1_71' title='bbox 876 1596 1098 1660; x_wconf 79' lang='lat' dir='ltr'><strong>vere,</strong></span> <span class='ocrx_word' id='word_1_72' title='bbox 1146 1584 1239 1648; x_wconf 90' lang='lat' dir='ltr'><strong>ut</strong></span> <span class='ocrx_word' id='word_1_73' title='bbox 1284 1594 1552 1646; x_wconf 87' lang='lat' dir='ltr'><strong>versus</strong></span> <span class='ocrx_word' id='word_1_74' title='bbox 1618 1569 1989 1645; x_wconf 85' lang='lat' dir='ltr'><strong>corticem</strong></span> <span class='ocrx_word' id='word_1_75' title='bbox 2048 1571 2332 1710; x_wconf 85' lang='lat' dir='ltr'><strong>plures</strong></span> <span class='ocrx_word' id='word_1_76' title='bbox 2366 1596 2547 1651; x_wconf 82' lang='lat' dir='ltr'><strong>exo-</strong></span> 
     </span>
     <span class='ocr_line' id='line_1_12' title="bbox 512 1688 832 1763; baseline -0.01 0"><span class='ocrx_word' id='word_1_77' title='bbox 512 1688 832 1763; x_wconf 88' lang='lat' dir='ltr'><strong>riantur.</strong></span> 
     </span>
    </p>

    <p class='ocr_par' dir='ltr' id='par_1_3' title="bbox 408 1797 2570 3042">
     <span class='ocr_line' id='line_1_13' title="bbox 703 1797 2547 1898; baseline 0.002 -21"><span class='ocrx_word' id='word_1_78' title='bbox 703 1805 876 1877; x_wconf 92' lang='lat' dir='ltr'><strong>Hoc</strong></span> <span class='ocrx_word' id='word_1_79' title='bbox 925 1797 1210 1889; x_wconf 84' lang='lat' dir='ltr'><strong>mod0,</strong></span> <span class='ocrx_word' id='word_1_80' title='bbox 1263 1821 1594 1898; x_wconf 85' lang='lat' dir='ltr'><strong>corpora</strong></span> <span class='ocrx_word' id='word_1_81' title='bbox 1647 1797 1926 1886; x_wconf 81' lang='lat' dir='ltr'><strong>aliena,</strong></span> <span class='ocrx_word' id='word_1_82' title='bbox 1976 1798 2191 1897; x_wconf 81' lang='lat' dir='ltr'><strong>ligno</strong></span> <span class='ocrx_word' id='word_1_83' title='bbox 2245 1818 2547 1880; x_wconf 84' lang='lat' dir='ltr'><strong>exsecto</strong></span> 
     </span>
     <span class='ocr_line' id='line_1_14' title="bbox 511 1911 2549 2028; baseline 0 -36"><span class='ocrx_word' id='word_1_84' title='bbox 511 1915 914 2028; x_wconf 85' lang='lat' dir='ltr'><strong>imposita,</strong></span> <span class='ocrx_word' id='word_1_85' title='bbox 987 1915 1189 1989; x_wconf 87' lang='lat' dir='ltr'><strong>intra</strong></span> <span class='ocrx_word' id='word_1_86' title='bbox 1268 1912 1572 1988; x_wconf 81' lang='lat' dir='ltr'><strong>caulem</strong></span> <span class='ocrx_word' id='word_1_87' title='bbox 1647 1911 2213 2003; x_wconf 81' lang='lat' dir='ltr'><strong>detruduntur,</strong></span> <span class='ocrx_word' id='word_1_88' title='bbox 2293 1919 2549 1993; x_wconf 88' lang='lat' dir='ltr'><strong>stratis</strong></span> 
     </span>
     <span class='ocr_line' id='line_1_15' title="bbox 513 2025 2548 2125; baseline 0 -19"><span class='ocrx_word' id='word_1_89' title='bbox 513 2031 804 2106; x_wconf 91' lang='lat' dir='ltr'><strong>scilicet</strong></span> <span class='ocrx_word' id='word_1_90' title='bbox 876 2041 1096 2103; x_wconf 86' lang='lat' dir='ltr'><strong>extus</strong></span> <span class='ocrx_word' id='word_1_91' title='bbox 1179 2025 1768 2125; x_wconf 82' lang='lat' dir='ltr'><strong>circumpositis.</strong></span> <span class='ocrx_word' id='word_1_92' title='bbox 1916 2031 2209 2106; x_wconf 82' lang='lat' dir='ltr'><strong>Coram</strong></span> <span class='ocrx_word' id='word_1_93' title='bbox 2287 2031 2548 2107; x_wconf 84' lang='lat' dir='ltr'><strong>habeo</strong></span> 
     </span>
     <span class='ocr_line' id='line_1_16' title="bbox 513 2140 2552 2220; baseline -0.008 -1"><span class='ocrx_word' id='word_1_94' title='bbox 513 2142 884 2219; x_wconf 75' lang='lat' dir='ltr'><strong>Strobilos</strong></span> <span class='ocrx_word' id='word_1_95' title='bbox 931 2140 1128 2217; x_wconf 90' lang='lat' dir='ltr'><strong>Pini·</strong></span> <span class='ocrx_word' id='word_1_96' title='bbox 1154 2140 1266 2214; x_wconf 89' lang='lat' dir='ltr'><strong>sic</strong></span> <span class='ocrx_word' id='word_1_97' title='bbox 1311 2140 1750 2216; x_wconf 67' lang='lat' dir='ltr'><strong>immersos</strong></span> <span class='ocrx_word' id='word_1_98' title='bbox 1869 2145 1964 2217; x_wconf 95' lang='lat' dir='ltr'><strong>In</strong></span> <span class='ocrx_word' id='word_1_99' title='bbox 2012 2142 2305 2219; x_wconf 92' lang='lat' dir='ltr'><strong>Museis</strong></span> <span class='ocrx_word' id='word_1_100' title='bbox 2355 2145 2552 2220; x_wconf 86' lang='lat' dir='ltr'><strong>anti-</strong></span> 
     </span>
     <span class='ocr_line' id='line_1_17' title="bbox 513 2251 2549 2358; baseline 0.001 -28"><span class='ocrx_word' id='word_1_101' title='bbox 513 2256 691 2358; x_wconf 89' lang='lat' dir='ltr'><strong>quis</strong></span> <span class='ocrx_word' id='word_1_102' title='bbox 739 2253 989 2331; x_wconf 83' lang='lat' dir='ltr'><strong>multa</strong></span> <span class='ocrx_word' id='word_1_103' title='bbox 1037 2251 1503 2351; x_wconf 89' lang='lat' dir='ltr'><strong>hujusmodi</strong></span> <span class='ocrx_word' id='word_1_104' title='bbox 1556 2255 2142 2331; x_wconf 84' lang='lat' dir='ltr'><strong>asservabantur</strong></span> <span class='ocrx_word' id='word_1_105' title='bbox 2198 2257 2549 2357; x_wconf 84' lang='lat' dir='ltr'><strong>exempla</strong></span> 
     </span>
     <span class='ocr_line' id='line_1_18' title="bbox 514 2366 2547 2471; baseline 0 -25"><span class='ocrx_word' id='word_1_106' title='bbox 514 2369 695 2469; x_wconf 89' lang='lat' dir='ltr'><strong>(cfr.</strong></span> <span class='ocrx_word' id='word_1_107' title='bbox 738 2368 961 2467; x_wconf 83' lang='lat' dir='ltr'><strong>Olig.</strong></span> <span class='ocrx_word' id='word_1_108' title='bbox 1023 2366 1380 2444; x_wconf 87' lang='lat' dir='ltr'><strong>Iacobaei</strong></span> <span class='ocrx_word' id='word_1_109' title='bbox 1454 2371 1826 2444; x_wconf 90' lang='lat' dir='ltr'><strong>Museum</strong></span> <span class='ocrx_word' id='word_1_110' title='bbox 1899 2367 2234 2471; x_wconf 87' lang='lat' dir='ltr'><strong>aliaque,</strong></span> <span class='ocrx_word' id='word_1_111' title='bbox 2282 2368 2547 2449; x_wconf 85' lang='lat' dir='ltr'><strong>Reuss.</strong></span> 
     </span>
     <span class='ocr_line' id='line_1_19' title="bbox 509 2481 2556 2585; baseline -0.002 -23"><span class='ocrx_word' id='word_1_112' title='bbox 509 2488 914 2585; x_wconf 87' lang='lat' dir='ltr'><strong>Repertor.</strong></span> <span class='ocrx_word' id='word_1_113' title='bbox 968 2481 1631 2557; x_wconf 74' lang='lat' dir='ltr'><strong>Commentation.</strong></span> <span class='ocrx_word' id='word_1_114' title='bbox 1679 2483 2049 2575; x_wconf 80' lang='lat' dir='ltr'><strong>Botanica</strong></span> <span class='ocrx_word' id='word_1_115' title='bbox 2096 2511 2169 2584; x_wconf 89' lang='lat' dir='ltr'><strong>p.</strong></span> <span class='ocrx_word' id='word_1_116' title='bbox 2218 2484 2448 2582; x_wconf 54' lang='lat'><strong>2234).</strong></span> <span class='ocrx_word' id='word_1_117' title='bbox 2553 2532 2556 2539; x_wconf 90' lang='lat'><em>-</em></span> 
     </span>
     <span class='ocr_line' id='line_1_20' title="bbox 530 2595 2547 2697; baseline 0 -23"><span class='ocrx_word' id='word_1_118' title='bbox 530 2627 535 2633; x_wconf 91' lang='lat'>·</span> <span class='ocrx_word' id='word_1_119' title='bbox 699 2595 1196 2674; x_wconf 87' lang='lat' dir='ltr'><strong>Reticulatim</strong></span> <span class='ocrx_word' id='word_1_120' title='bbox 1222 2625 1229 2629; x_wconf 87' lang='lat'>·</span> <span class='ocrx_word' id='word_1_121' title='bbox 1255 2620 1583 2697; x_wconf 85' lang='lat' dir='ltr'><strong>quoque</strong></span> <span class='ocrx_word' id='word_1_122' title='bbox 1615 2611 2062 2672; x_wconf 81' lang='lat' dir='ltr'><strong>accrescunt</strong></span> <span class='ocrx_word' id='word_1_123' title='bbox 2091 2597 2281 2697; x_wconf 82' lang='lat' dir='ltr'><strong>ligni</strong></span> <span class='ocrx_word' id='word_1_124' title='bbox 2314 2611 2547 2674; x_wconf 82' lang='lat' dir='ltr'><strong>strata</strong></span> 
     </span>
     <span class='ocr_line' id='line_1_21' title="bbox 510 2705 2548 2812; baseline -0.001 -24"><span class='ocrx_word' id='word_1_125' title='bbox 510 2711 878 2797; x_wconf 86' lang='lat' dir='ltr'><strong>recentia,</strong></span> <span class='ocrx_word' id='word_1_126' title='bbox 954 2705 1241 2784; x_wconf 88' lang='lat' dir='ltr'><strong>eodem</strong></span> <span class='ocrx_word' id='word_1_127' title='bbox 1313 2707 1569 2785; x_wconf 88' lang='lat' dir='ltr'><strong>modo</strong></span> <span class='ocrx_word' id='word_1_128' title='bbox 1641 2709 1759 2785; x_wconf 90' lang='lat' dir='ltr'><strong>uti</strong></span> <span class='ocrx_word' id='word_1_129' title='bbox 1830 2711 2208 2812; x_wconf 88' lang='lat' dir='ltr'><strong>primum.</strong></span> <span class='ocrx_word' id='word_1_130' title='bbox 2337 2715 2548 2788; x_wconf 86' lang='lat' dir='ltr'><strong>Nam</strong></span> 
     </span>
     <span class='ocr_line' id='line_1_22' title="bbox 408 2818 2570 2924; baseline -0.001 -23"><span class='ocrx_word' id='word_1_131' title='bbox 408 2818 415 2825; x_wconf 68' lang='grc'><strong>’</strong></span> <span class='ocrx_word' id='word_1_132' title='bbox 511 2850 734 2902; x_wconf 88' lang='lat' dir='ltr'><strong>areae</strong></span> <span class='ocrx_word' id='word_1_133' title='bbox 781 2847 949 2898; x_wconf 91' lang='lat' dir='ltr'><strong>non</strong></span> <span class='ocrx_word' id='word_1_134' title='bbox 996 2821 1266 2898; x_wconf 89' lang='lat' dir='ltr'><strong>minus</strong></span> <span class='ocrx_word' id='word_1_135' title='bbox 1313 2822 1399 2898; x_wconf 90' lang='lat' dir='ltr'><strong>in</strong></span> <span class='ocrx_word' id='word_1_136' title='bbox 1448 2821 1619 2912; x_wconf 88' lang='lat' dir='ltr'><strong>illis,</strong></span> <span class='ocrx_word' id='word_1_137' title='bbox 1671 2848 1931 2924; x_wconf 88' lang='lat' dir='ltr'><strong>quam</strong></span> <span class='ocrx_word' id='word_1_138' title='bbox 1959 2823 2044 2898; x_wconf 90' lang='lat' dir='ltr'><strong>in</strong></span> <span class='ocrx_word' id='word_1_139' title='bbox 2076 2823 2322 2901; x_wconf 88' lang='lat' dir='ltr'><strong>hocce</strong></span> <span class='ocrx_word' id='word_1_140' title='bbox 2357 2847 2570 2900; x_wconf 79' lang='lat' dir='ltr'><strong>con--</strong></span> 
     </span>
     <span class='ocr_line' id='line_1_23' title="bbox 510 2939 969 3042; baseline -0.011 -26"><span class='ocrx_word' id='word_1_141' title='bbox 510 2939 969 3042; x_wconf 85' lang='lat' dir='ltr'><strong>spiciuntur.</strong></span> 
     </span>
    </p>

    <p class='ocr_par' dir='ltr' id='par_1_4' title="bbox 502 3047 2550 3838">
     <span class='ocr_line' id='line_1_24' title="bbox 704 3047 2549 3151; baseline -0.001 -22"><span class='ocrx_word' id='word_1_142' title='bbox 704 3056 908 3129; x_wconf 86' lang='lat' dir='ltr'><strong>Sunt</strong></span> <span class='ocrx_word' id='word_1_143' title='bbox 984 3071 1174 3125; x_wconf 84' lang='lat' dir='ltr'><strong>vero</strong></span> <span class='ocrx_word' id='word_1_144' title='bbox 1266 3047 1585 3128; x_wconf 85' lang='lat' dir='ltr'><strong>frutices</strong></span> <span class='ocrx_word' id='word_1_145' title='bbox 1663 3049 2107 3146; x_wconf 86' lang='lat' dir='ltr'><strong>indigenae,</strong></span> <span class='ocrx_word' id='word_1_146' title='bbox 2190 3074 2549 3151; x_wconf 88' lang='lat' dir='ltr'><strong>quorum</strong></span> 
     </span>
     <span class='ocr_line' id='line_1_25' title="bbox 505 3161 2547 3266; baseline -0.002 -21"><span class='ocrx_word' id='word_1_147' title='bbox 505 3169 818 3266; x_wconf 80' lang='lat' dir='ltr'><strong>lignum</strong></span> <span class='ocrx_word' id='word_1_148' title='bbox 864 3188 867 3193; x_wconf 87' lang='grc'><strong><em>·</em></strong></span> <span class='ocrx_word' id='word_1_149' title='bbox 878 3187 1024 3266; x_wconf 89' lang='lat' dir='ltr'><strong>per</strong></span> <span class='ocrx_word' id='word_1_150' title='bbox 1082 3177 1312 3239; x_wconf 87' lang='lat' dir='ltr'><strong>strata</strong></span> <span class='ocrx_word' id='word_1_151' title='bbox 1383 3187 1551 3240; x_wconf 91' lang='lat' dir='ltr'><strong>non</strong></span> <span class='ocrx_word' id='word_1_152' title='bbox 1593 3161 2016 3251; x_wconf 72' lang='lat' dir='ltr'><strong>increscit,⁴</strong></span> <span class='ocrx_word' id='word_1_153' title='bbox 2068 3187 2131 3237; x_wconf 87' lang='lat' dir='ltr'><strong>e.</strong></span> <span class='ocrx_word' id='word_1_154' title='bbox 2178 3185 2248 3261; x_wconf 79' lang='lat' dir='ltr'><strong>g.</strong></span> <span class='ocrx_word' id='word_1_155' title='bbox 2309 3167 2547 3252; x_wconf 84' lang='lat' dir='ltr'><strong>Rosa,</strong></span> 
     </span>
     <span class='ocr_line' id='line_1_26' title="bbox 504 3276 2550 3377; baseline -0.004 -18"><span class='ocrx_word' id='word_1_156' title='bbox 504 3281 823 3365; x_wconf 81' lang='lat' dir='ltr'><strong>Ruhus,</strong></span> <span class='ocrx_word' id='word_1_157' title='bbox 908 3289 1094 3351; x_wconf 90' lang='lat' dir='ltr'><strong>sunt</strong></span> <span class='ocrx_word' id='word_1_158' title='bbox 1166 3300 1493 3377; x_wconf 88' lang='lat' dir='ltr'><strong>quoque</strong></span> <span class='ocrx_word' id='word_1_159' title='bbox 1567 3276 1943 3365; x_wconf 83' lang='lat' dir='ltr'><strong>exoticae,</strong></span> <span class='ocrx_word' id='word_1_160' title='bbox 2029 3299 2093 3352; x_wconf 87' lang='lat' dir='ltr'><strong>e.</strong></span> <span class='ocrx_word' id='word_1_161' title='bbox 2164 3301 2231 3376; x_wconf 84' lang='lat' dir='ltr'><strong>g.</strong></span> <span class='ocrx_word' id='word_1_162' title='bbox 2309 3278 2550 3355; x_wconf 64' lang='lat' dir='ltr'><strong>caeti.</strong></span> 
     </span>
     <span class='ocr_line' id='line_1_27' title="bbox 505 3388 2548 3493; baseline -0.001 -24"><span class='ocrx_word' id='word_1_163' title='bbox 505 3393 849 3485; x_wconf 87' lang='lat' dir='ltr'><strong>Arbores</strong></span> <span class='ocrx_word' id='word_1_164' title='bbox 912 3388 1353 3485; x_wconf 68' lang='lat' dir='ltr'><strong>‘regionum</strong></span> <span class='ocrx_word' id='word_1_165' title='bbox 1447 3388 1877 3467; x_wconf 88' lang='lat' dir='ltr'><strong>calidarum</strong></span> <span class='ocrx_word' id='word_1_166' title='bbox 1954 3391 2233 3493; x_wconf 90' lang='lat' dir='ltr'><strong>utique</strong></span> <span class='ocrx_word' id='word_1_167' title='bbox 2313 3405 2548 3467; x_wconf 86' lang='lat' dir='ltr'><strong>strata</strong></span> 
     </span>
     <span class='ocr_line' id='line_1_28' title="bbox 508 3501 2549 3604; baseline -0 -23"><span class='ocrx_word' id='word_1_168' title='bbox 508 3504 748 3581; x_wconf 87' lang='lat' dir='ltr'><strong>caulis</strong></span> <span class='ocrx_word' id='word_1_169' title='bbox 810 3501 1133 3588; x_wconf 86' lang='lat' dir='ltr'><strong>habent,</strong></span> <span class='ocrx_word' id='word_1_170' title='bbox 1197 3501 1712 3604; x_wconf 85' lang='lat' dir='ltr'><strong>plerumque</strong></span> <span class='ocrx_word' id='word_1_171' title='bbox 1729 3505 2092 3583; x_wconf 89' lang='lat' dir='ltr'><strong>tenuiora</strong></span> <span class='ocrx_word' id='word_1_172' title='bbox 2153 3521 2230 3583; x_wconf 89' lang='lat' dir='ltr'><strong>et</strong></span> <span class='ocrx_word' id='word_1_173' title='bbox 2274 3506 2549 3583; x_wconf 87' lang='lat' dir='ltr'><strong>minus</strong></span> 
     </span>
     <span class='ocr_line' id='line_1_29' title="bbox 502 3612 2550 3717; baseline -0.002 -20"><span class='ocrx_word' id='word_1_174' title='bbox 502 3621 710 3698; x_wconf 85' lang='lat' dir='ltr'><strong>bene</strong></span> <span class='ocrx_word' id='word_1_175' title='bbox 745 3612 1255 3691; x_wconf 85' lang='lat' dir='ltr'><strong>discernenda</strong></span> <span class='ocrx_word' id='word_1_176' title='bbox 1289 3641 1531 3717; x_wconf 87' lang='lat' dir='ltr'><strong>quam</strong></span> <span class='ocrx_word' id='word_1_177' title='bbox 1565 3620 1882 3697; x_wconf 86' lang='lat' dir='ltr'><strong>arbores</strong></span> <span class='ocrx_word' id='word_1_178' title='bbox 1917 3645 2300 3698; x_wconf 86' lang='lat' dir='ltr'><strong>zonarum</strong></span> <span class='ocrx_word' id='word_1_179' title='bbox 2344 3633 2550 3696; x_wconf 76' lang='lat' dir='ltr'><strong>tem-</strong></span> 
     </span>
     <span class='ocr_line' id='line_1_30' title="bbox 504 3745 2436 3838; baseline -0.004 -28"><span class='ocrx_word' id='word_1_180' title='bbox 504 3745 970 3838; x_wconf 84' lang='lat' dir='ltr'><strong>peratarum.</strong></span> <span class='ocrx_word' id='word_1_181' title='bbox 2427 3756 2436 3763; x_wconf 92' lang='lat'><strong>·</strong></span> 
     </span>
    </p>

    <p class='ocr_par' dir='ltr' id='par_1_5' title="bbox 494 3840 2545 4175">
     <span class='ocr_line' id='line_1_31' title="bbox 669 3840 2543 3939; baseline 0.001 -19.038"><span class='ocrx_word' id='word_1_182' title='bbox 669 3840 1170 3939; x_wconf 86' lang='lat' dir='ltr'><strong>Quaesitum</strong></span> <span class='ocrx_word' id='word_1_183' title='bbox 1252 3860 1403 3934; x_wconf 87' lang='lat' dir='ltr'><strong>est,</strong></span> <span class='ocrx_word' id='word_1_184' title='bbox 1480 3871 1579 3923; x_wconf 89' lang='lat' dir='ltr'><strong>an</strong></span> <span class='ocrx_word' id='word_1_185' title='bbox 1657 3846 1744 3923; x_wconf 91' lang='lat' dir='ltr'><strong>in</strong></span> <span class='ocrx_word' id='word_1_186' title='bbox 1822 3848 1980 3924; x_wconf 91' lang='lat' dir='ltr'><strong>hoc</strong></span> <span class='ocrx_word' id='word_1_187' title='bbox 2051 3847 2543 3924; x_wconf 86' lang='lat' dir='ltr'><strong>incremento</strong></span> 
     </span>
     <span class='ocr_line' id='line_1_32' title="bbox 509 3954 2543 4059; baseline 0 -25"><span class='ocrx_word' id='word_1_188' title='bbox 509 3973 770 4036; x_wconf 84' lang='lat' dir='ltr'><strong>cortex</strong></span> <span class='ocrx_word' id='word_1_189' title='bbox 815 3955 903 4030; x_wconf 91' lang='lat' dir='ltr'><strong>in</strong></span> <span class='ocrx_word' id='word_1_190' title='bbox 951 3954 1257 4054; x_wconf 81' lang='lat' dir='ltr'><strong>lignum</strong></span> <span class='ocrx_word' id='word_1_191' title='bbox 1304 3975 1660 4038; x_wconf 87' lang='lat' dir='ltr'><strong>mutetur</strong></span> <span class='ocrx_word' id='word_1_192' title='bbox 1706 3959 1873 4059; x_wconf 78' lang='lat' dir='ltr'><strong>(cfr.</strong></span> <span class='ocrx_word' id='word_1_193' title='bbox 1905 3960 2263 4039; x_wconf 86' lang='lat' dir='ltr'><strong>Medicus</strong></span> <span class='ocrx_word' id='word_1_194' title='bbox 2292 3965 2543 4058; x_wconf 85' lang='lat' dir='ltr'><strong>Beytr.</strong></span> 
     </span>
     <span class='ocr_line' id='line_1_33' title="bbox 494 4073 2545 4175; baseline -0.002 -23"><span class='ocrx_word' id='word_1_195' title='bbox 494 4079 574 4152; x_wconf 41' lang='lat'><strong>¹3.</strong></span> <span class='ocrx_word' id='word_1_196' title='bbox 639 4094 737 4174; x_wconf 78' lang='lat' dir='ltr'><strong>p.</strong></span> <span class='ocrx_word' id='word_1_197' title='bbox 774 4075 938 4154; x_wconf 77' lang='lat'><strong>208.</strong></span> <span class='ocrx_word' id='word_1_198' title='bbox 1054 4075 1450 4154; x_wconf 83' lang='lat' dir='ltr'><strong>Treviran.</strong></span> <span class='ocrx_word' id='word_1_199' title='bbox 1511 4073 1979 4151; x_wconf 79' lang='lat' dir='ltr'><strong>v.«·inwend.</strong></span> <span class='ocrx_word' id='word_1_200' title='bbox 2037 4079 2203 4152; x_wconf 89' lang='lat' dir='ltr'><strong>Bau</strong></span> <span class='ocrx_word' id='word_1_201' title='bbox 2250 4101 2327 4175; x_wconf 91' lang='lat' dir='ltr'><strong>p.</strong></span> <span class='ocrx_word' id='word_1_202' title='bbox 2379 4075 2545 4152; x_wconf 81' lang='lat'><strong>187.</strong></span> 
     </span>
    </p>
   </div>
  </div>
 </body>
</html>
