2843 4800
576 350 722 426 402
1236 316 1970 427 wenna-10.

580 555 705 635 tio:
745 545 1192 637 Kielmeieri
1242 545 1570 647 repetita
1617 545 1702 621 in
1766 542 2142 622 Roemeri
2203 540 2632 639 Collectan.

583 666 686 746 ad
763 689 937 741 rem
1015 660 1353 736 botanic.
1438 659 1888 765 spectantib.
1962 657 2223 734 Turic.
2276 664 2489 740 1806.
2560 663 2632 735 4.

580 813 657 888 p.
715 776 882 856 218.
992 774 1506 851 Acutissimus
1572 772 2251 872 amicissimusque
2313 772 2435 847 vir
2480 772 2632 846 ibi-

586 900 771 975 dem
823 887 1143 991 exponit
1191 885 1611 987 quomodo
1674 886 2227 962 marcescentia
2273 900 2351 962 et
2404 884 2632 961 floris

587 1024 666 1087 et
712 1001 1134 1109 pericarpii
1187 1014 1262 1076 et
1308 999 1649 1097 languor
1694 997 2079 1077 foliorum
2130 998 2229 1075 ad
2277 998 2636 1078 fructum

584 1115 1165 1228 perficiendum
1211 1112 1535 1190 valeant.

773 1238 959 1312 Huc
997 1252 1325 1331 quoque
1368 1225 1628 1305 ¹refero
1679 1226 2312 1304 Hortulanorum
2358 1252 2630 1317 usum,

589 1352 728 1455 qui
788 1345 1149 1423 radicum
1210 1341 1566 1417 ramulos
1613 1355 1993 1429 resecant,
2045 1364 2229 1416 cum
2277 1341 2634 1442 plantam

587 1469 672 1543 in
732 1458 955 1542 aliud
1016 1454 1484 1558 implantant
1544 1453 1829 1531 solum.
1967 1451 2210 1552 Ajunt
2253 1453 2459 1544 fieri,
2541 1469 2635 1530 ut

590 1579 718 1658 alii
781 1581 1268 1651 succrescant
1325 1567 1633 1646 ramuli.
1744 1568 1825 1643 si
1877 1592 2065 1644 vero
2115 1568 2379 1669 planta
2426 1567 2632 1644 radi-

589 1714 717 1771 ces
762 1685 1121 1792 proferre
1144 1697 1429 1785 ‚potest
1475 1684 1772 1784 absque
1816 1682 2233 1772 radicibus
2281 1708 2428 1759 cur
2458 1698 2627 1759 non

592 1802 1122 1905 alias-pantes?
2327 1866 2332 1870 ,
2484 1860 2491 1868 .

774 1916 1019 1995 Nisus
1062 1912 1531 1990 ‘formativus
1577 1936 1727 2013 pro
1776 1910 1991 1987 vario
2044 1911 2228 1987 anni
2266 1924 2627 2014 tempore

593 2047 729 2112 aut
776 2030 1116 2106 directus
1166 2039 1281 2102 est
1324 2027 1411 2101 in
1459 2023 1653 2101 folia
1699 2023 2028 2123 hujusce
2078 2026 2263 2102 anni
2316 2041 2455 2102 aut
2514 2051 2626 2102 se-

594 2143 941 2251 quentis,
1016 2154 1152 2229 aut
1218 2140 1306 2214 in
1353 2137 1747 2213 ›corticem
1813 2153 1891 2214 et
1944 2139 2329 2216 refluente
2392 2162 2625 2215 succo

590 2284 734 2364 per
806 2254 1178 2332 corticem
1237 2250 1321 2325 in
1384 2251 1765 2338 radicem,
1839 2267 1974 2329 aut
2019 2253 2104 2327 in
2162 2253 2421 2330 flores·
2467 2251 2625 2328 sm,

595 2387 954 2474 ctusque,
1022 2378 1157 2442 aut
1206 2365 1296 2440 -in
1357 2362 1659 2441 fructus
1708 2378 2017 2442 tantum
2033 2426 2050 2456 ,
2103 2381 2239 2443 aut
2282 2367 2369 2443 in
2415 2390 2628 2466 gem-

591 2512 761 2565 mas
816 2463 1223 2559 bulbosve.
1304 2479 1724 2581 ’Sipartes
1771 2496 2251 2569 resecantur,
2283 2479 2623 2558 ‚directio

592 2596 1028 2701 impeditur
1088 2608 1165 2670 et
1214 2593 1311 2670 in
1374 2594 1605 2670 aliam
1663 2594 1989 2669 vertitur
2046 2609 2371 2695 partem.
2502 2593 2623 2670 Sic

592 2715 681 2791 in
754 2709 1223 2788 animalibus
1288 2732 1615 2808 quoque
1676 2706 2031 2807 primum
2096 2709 2328 2784 nisus>
2379 2709 2465 2784 in
2507 2709 2623 2783 in-

594 2839 1088 2905 crementum
1152 2821 1508 2921 corporis
1560 2818 1897 2896 directus
1948 2836 2093 2910 est,
2151 2837 2331 2899 tum
2376 2821 2464 2896 in
2514 2847 2626 2918 sy-

594 2935 1569 3039 stemw-propagatorium.
1681 2935 2099 3011 Hortulani
2162 2948 2282 3011 est
2344 2950 2421 3011 et
2467 2942 2626 3012 Me-

593 3053 749 3130 dici
829 3051 1090 3126 nisum
1179 3048 1548 3146 dirigere,
1629 3047 1693 3123 si
1767 3048 2268 3138 aberraverit,
2347 3064 2491 3127 aut
2552 3048 2620 3124 :si

595 3168 953 3244 aberrare
994 3162 1202 3238 velit.
1487 3216 1498 3219 ·
1933 3227 1938 3232 .
2499 3186 2516 3196 ·

654 3319 665 3334 ··
778 3283 1065 3376 Magna
1125 3276 1202 3351 vi
1239 3277 1508 3351 misus
1553 3275 1696 3352 iste
1754 3292 2010 3378 partes
2050 3292 2137 3354 et
2175 3277 2510 3379 explicat
2549 3291 2623 3354 et

597 3392 876 3490 dirigit.
973 3390 1092 3468 Ab
1133 3388 1706 3491 antiquissimi-s
1750 3392 2245 3493 temporibus
2293 3390 2455 3490 jam
2488 3414 2623 3467 no·

591 3503 795 3583 t‘um.
852 3517 991 3592 est,
1086 3501 1387 3579 radices
1468 3502 1697 3579 Ficus
1776 3529 2057 3581 muros
2128 3503 2624 3605 perfringere,

591 3620 676 3695 in
711 3620 1004 3721 quibus
1038 3631 1400 3694 crescant.
1497 3616 1680 3694 Vidi
1713 3618 2101 3694 radiculas
2131 3618 2447 3694 Palmae
2482 3641 2626 3693 un-

592 3734 1283 3836 diqueprotrusas‘
1329 3754 1704 3832 rumpere
1750 3731 2138 3830 ligaturas·
2161 3729 2450 3807 ferreas
2517 3744 2626 3806 sat

592 3871 899 3924 crassas.
993 3843 1421 3921 Radieulae
1471 3849 1739 3921 aereae
1777 3844 2191 3932 flexibileS,
2243 3868 2432 3920 cum
2478 3858 2626 3919 ter—

588 3955 1476 4055 amimam-rigidae
1522 3956 1732 4042 fiunt
1779 3974 1857 4035 et
1901 3958 2049 4036 sibi
2087 3958 2296 4033 viam
2332 3972 2625 4059 parant.

588 4071 1139 4174 Experimenta‘
1185 4070 1293 4148 de
1344 4070 1452 4161 vi,
1502 4097 1659 4174 qua
1707 4070 1910 4149 solia
1943 4071 2344 4173 floresque
2393 4069 2626 4174 expli-
