2843 4800
616 672 1954 969 “APRAEFAT1Q-

341 1086 817 1268 Viginti
828 1080 1075 1251 octo
1143 1078 1620 1245 abhinc
1605 1148 1942 1241 annis
1937 1145 2405 1239 Prodro·
2511 1134 2519 1142 ’

340 1305 627 1367 mum
688 1274 1417 1395 Philosophiae
1471 1266 2026 1373 Botanicae
2079 1300 2412 1367 novae-

345 1398 647 1504 edidi,
723 1400 1176 1495 libellum
1254 1429 1311 1491 a
1384 1397 1892 1492 Botanicis
1955 1424 2406 1516 praeser-

340 1524 535 1615 tim
636 1524 996 1617 exteris
1094 1552 1317 1614 non
1394 1514 1708 1642 plane
1808 1520 2405 1636 neglectum.

342 1647 995 1749 Anatomiam
1050 1647 1642 1764 plantarum
1687 1656 1796 1737 et
1852 1674 2109 1765 quae
2161 1644 2404 1738 inde

200 1858 203 1861 ,
342 1769 933 1873 ᾶεᾶιιείῒω·;·
1022 1769 1775 1889 Physiologiam
1884 1799 2051 1859 me
2154 1782 2403 1861 tunc

335 1895 832 2015 temporis
892 1894 1428 2009 ‚ignorasse
1513 1905 1870 2013 postea
1955 1891 2231 1983 dolui
2305 1907 2406 1985 et

339 2048 652 2118 omne
737 2018 955 2109 sere
1040 2017 1493 2109 studium
1574 2018 1685 2111 in
1739 2017 2035 2107 -hanc
2117 2015 2401 2108 Bota⁴

334 2144 617 2236 nices
726 2156 1129 2263 partem
1250 2141 1731 2237 converti.
1905 2141 2405 2260 Apparuit

335 2288 613 2360 anno
737 2268 1041 2358 1802·
1121 2266 1662 2385 Anatomia
1782 2277 1881 2355 et
1985 2264 2401 2385 Physic-

334 2392 595 2508 logia
716 2391 1317 2511 plantarum.
1477 2389 2101 2504 Goettingae‚
2238 2390 2403 2482 cui

332 2516 1062 2636 supplementa
1199 2515 1442 2618 duo
1569 2515 1998 2610 alterum
2123 2528 2397 2605 anno

337 2642 608 2732 1809.
710 2641 1143 2735 alterum
1242 2666 1526 2736 vero
1597 2639 1862 2731 1812.
1972 2635 2398 2753 adjunxi.

207 2799 222 2813 ·
331 2761 514 2852 His
581 2758 865 2853 editis
922 2763 1297 2856 iterum
1356 2763 1884 2856 universae
1942 2761 2397 2854 Philoso-

329 2886 642 3005 phiae
680 2884 1242 2980 Botanicae
1308 2917 1735 3006 operam
1798 2885 2073 2988 dedi,
2135 2883 2412 2978 ultra

329 3008 881 3110 Elementa·
960 3040 1207 3104 vero
1307 3011 1803 3104 ‚scientiae
1919 3008 2396 3126 amplissi-

331 3164 560 3225 mae
643 3133 927 3228 haud
1032 3162 1657 3256 progressus,
1764 3161 2064 3251 quae.
2115 3161 2396 3223 nunc

333 3258 972 3349 eruditorum
1083 3260 1507 3376 subjicio
1636 3256 2091 3354 examini.
2275 3256 2395 3350 In

327 3382 783 3475 sectione
858 3383 1225 3502 prima,
1308 3385 1810 3475 elementa
1877 3381 2394 3500 Physiolo-

323 3506 542 3620 giae
575 3507 1066 3622 generalis
1109 3505 1657 3607 inserenda
1700 3507 2060 3627 putavi,
2108 3506 2393 3596 omit-

324 3628 637 3721 tenda
723 3631 853 3722 ab
892 3663 897 3670 ·
938 3631 1086 3736 iis,
1187 3660 1447 3752 quae
1539 3631 2083 3723 Botanicae
2179 3643 2390 3719 tan-

321 3766 547 3845 tum
612 3754 1024 3854 student
1067 3757 1624 3854 scientiae..
1744 3754 2158 3854 Novam,
2213 3753 2396 3843 :uti

322 3880 636 3994 ajunt,
698 3880 1518 4000 Morphologiam
1577 3880 2161 3972 botanicam
2245 3904 2392 3967 se-

322 4002 668 4097 ctione
734 4004 1181 4097 secunda
1234 4005 1664 4106 exhibui.
1787 4001 2389 4111 Anatomiae

318 4127 945 4245 plantarum,
1068 4130 1546 4226 scientiae
1611 4126 2125 4224 -maximis
2252 4138 2393 4226 te-
