2843 4800
572 334 722 414 412
1235 324 1964 416 VEGETATIO.

588 524 597 581 1
660 528 665 532 ’
712 572 719 583 ·
768 534 1063 635 Stigma
1120 535 1432 639 papillis
1494 534 1848 611 obsitum
1908 536 2318 613 materiam
2365 535 2625 616 visco-

574 673 746 725 sam
809 650 1178 738 excernit,
1241 650 1368 727 cui
1433 649 1858 725 adhaerent
1903 649 2224 749 pollinis
2272 651 2624 748 granula.

578 765 707 840 Sic
752 763 1024 865 pollen
1071 772 1307 841 'vento
1361 761 1684 841 allatum
1732 761 2103 839 facillime
2149 765 2390 865 recipi
2442 779 2626 865 pot-

576 891 710 953 est.
817 876 1004 962 Vidi
1050 876 1338 978 ‘pollen
1402 878 1580 955 Pini
1631 877 2015 975 sylvestris
2062 876 2530 977 longissime
2579 904 2624 954 a

571 993 846 1093 pineto
925 992 1126 1068 mari
1207 992 1694 1094 inspersum,
1757 1004 1853 1067 ut
1924 988 2431 1080 crediderim,
2504 1017 2627 1068 se·

572 1106 793 1184 mina
866 1130 1034 1183 esse
1119 1105 1336 1209 algae
1417 1103 1884 1203 cujusdam,
1954 1104 2179 1205 quod
2252 1129 2423 1182 non
2469 1106 2626 1180 mi·-

572 1234 729 1296 nu‘s
792 1219 1051 1296 evenit
1109 1219 1345 1295 celeb.
1408 1219 1777 1317 Lingbye.
1886 1221 2053 1295 Nec
2122 1218 2393 1297 minus
2455 1219 2624 1295 vidi

570 1333 659 1409 in
712 1334 1129 1412 ‘Valeriana
1198 1332 1466 1410 -dioica
1531 1330 1817 1408 ‘omnia
1878 1333 2255 1431 'stigmata
2334 1357 2626 1432 granu-

571 1446 699 1522 lis·
728 1447 1083 1549 pollinis
1113 1460 1431 1533 onusta,
1505 1445 1863 1545 quamvis
1933 1446 2206 1548 pollen
2277 1471 2450 1523 non
2514 1446 2624 1523 ita

571 1560 745 1637 leve
793 1562 917 1650 sit,
960 1585 1062 1636 an
1107 1572 1344 1667 vento
1397 1584 1496 1664 an
1528 1559 1842 1635 insectis
1874 1560 2184 1662 perlata.
2274 1562 2624 1637 Insecto-

572 1701 761 1751 rum
835 1699 991 1776 ope
1062 1697 1393 1749 omnem
1456 1671 2102 1749 secundationem
2169 1687 2248 1750 et
2304 1674 2396 1749 iu
2441 1674 2622 1751 her-

571 1786 1102 1891 maphroditis
1150 1785 1423 1888 perfici
1476 1787 1561 1864 C.
1608 1790 1696 1861 K.
1750 1786 2127 1888 Sprengel
2176 1801 2455 1864 auctor
2510 1802 2623 1865 est

577 1905 783 2003 (Das
830 1899 1254 1978 *entdeekte
1321 1897 1810 1977 Geheimniss
1867 1896 1940 1975 d.
2003 1904 2257 1978 Natur
2315 1903 2404 1977 in
2450 1906 2620 1980 Bau

572 2042 653 2092 u.
724 2014 1267 2111 Befruchtung
1338 2013 1412 2089 d.
1484 2013 1844 2089 Blumen.
1933 2013 2131 2091 Berl.
2198 2020 2408 2093 1793.
2483 2018 2550 2090 4.
2565 2004 2664 2113 ).“

575 2129 1117 2207 Concedimus
1163 2126 1622 2236 praesertim
1669 2126 1756 2201 in
1800 2126 2085 2228 plantis
2131 2127 2441 2204 diclinis
2473 2128 2622 2206 flo-

571 2268 701 2319 res
758 2241 1155 2319 masculos
1218 2250 1300 2316 ἐι
1362 2239 1754 2316 femineos
1789 2238 2167 2339 'ejusdem
2220 2242 2618 2319 individui

573 2380 806 2457 saepe
873 2378 1043 2431 non
1108 2353 1348 2431 simul
1385 2352 1705 2458 florere,
1758 2355 1981 2457 quod
2033 2355 2618 2456 dichogamiam

574 2481 803 2546 vocat
828 2479 1158 2555 auctor,
1223 2478 1321 2545 ει·
1361 2481 1598 2544 vento
1655 2482 1790 2545 aut
1833 2469 2148 2548 insectis
2198 2496 2402 2573 opus
2451 2495 2615 2548 esse

574 2583 674 2660 ad
738 2581 1418 2688 secundationem,
1487 2596 1565 2659 at
1623 2583 1957 2661 minime
2002 2584 2090 2660 id
2138 2609 2454 2686 semper
2496 2609 2615 2661 re·-

573 2698 948 2800 quiritur,
999 2722 1191 2773 nam
1228 2698 1319 2771 in
1373 2695 1728 2773 caldariis
1778 2698 2069 2780 nostris
2105 2723 2202 2774 eo
2237 2713 2611 2801 tempore,

574 2837 743 2914 quo
804 2835 1117 2913 semper
1179 2810 1437 2886 clausa
1502 2824 1688 2886 sunt
1749 2812 2049 2888 semina
2097 2812 2615 2914 perficiuntur

572 2927 870 3027 absque
918 2925 1261 3012 insectiS,
1309 2924 1418 2999 ita
1464 2937 1557 2999 ut
1603 2925 2041 3021 germinare
2086 2922 2411 3028 possint.

767 3037 1210 3135 Quomodo
1277 3037 1391 3113 vis
1455 3035 1890 3114 fecundans
1954 3040 2053 3116 ad
2119 3064 2393 3117 semen
2442 3066 2611 3143 per·

569 3152 832 3228 veniat
903 3151 1246 3227 dubium
1328 3165 1462 3228 est.
1582 3150 1968 3229 Videmus
2039 3152 2474 3230 fasciculos·
2528 3155 2609 3230 li-

571 3289 867 3364 gnosos
931 3291 973 3342 a
1033 3265 1273 3341 valvis
1345 3265 1759 3366 pericarpii
1822 3262 1923 3341 ad
1995 3268 2272 3366 stigma
2351 3292 2609 3345 excur-

568 3404 761 3466 rere,
810 3379 919 3455 ita
966 3393 1252 3466 tamen,
1299 3392 1392 3455 ut
1437 3379 1524 3454 in
1572 3377 1896 3478 papillas
1930 3404 2098 3456 non
2133 3395 2421 3458 exeant.
2519 3383 2613 3459 At

567 3494 656 3569 in
704 3491 969 3568 radice
1033 3505 1391 3594 quoque.
1421 3490 1839 3569 fasciculus
1899 3494 2256 3593 lignosus
2304 3494 2404 3572 ad
2457 3495 2612 3597 api-

572 3630 746 3682 cem
806 3629 978 3681 non
1040 3620 1427 3708 penetrat,
1508 3629 1997 3708 quamquam
2063 3633 2341 3686 succos
2407 3610 2608 3686 cauli

566 3718 840 3795 tradat.
934 3719 1475 3817 Parenchyma
1531 3719 1899 3798 medium
1947 3721 2154 3800 inter
2199 3722 2613 3800 fasciculos

569 3831 944 3930 singulari
1003 3831 1410 3908 interdum
1474 3831 1749 3910 indole
1810 3849 1954 3926 est,
2015 3851 2109 3913 ut
2167 3837 2250 3911 in
2315 3839 2613 3914 Cucur-

435 3950 442 3956 ’
569 3944 922 4032 bitaceis,
984 3945 1125 4021 uhi
1172 3946 1474 4024 flavum
1524 3960 1600 4021 et
1646 3949 1895 4047 magis
1943 3965 2449 4051 compactum
2497 3952 2613 4028 in-

570 4058 851 4133 venies.
949 4062 1171 4136 Hanc
1221 4081 1408 4159 ergo
1459 4058 1668 4136 viam
1716 4064 2086 4143 materiae
2139 4063 2613 4156 fecundatri-
