2843 4800
874 352 1634 432 s'rRUCTURA.
2178 354 2274 434 ⁹1

220 579 296 656 p.
350 554 564 628 1709.
615 576 689 651 p.
742 551 952 645 109.)
1001 563 1178 626 tum
1231 551 1623 637 Sarrabat,
1707 552 2038 628 nomine
2089 551 2278 628 ficto

223 666 326 743 de
400 665 477 739 la
542 666 805 754 Baisse
872 666 1227 759 (Dissert.
1294 690 1350 740 s,
1425 664 1471 741 l.
1547 664 2007 742 circulation
2083 664 2157 741 d.
2230 666 2276 741 l.

221 781 405 855 seve
452 780 870 856 Bordeaux
923 783 1135 857 1733.
1183 784 1294 871 8.)
1349 794 1427 855 at
1475 779 1784 881 spiralia
1835 804 2021 867 esse,
2069 795 2281 856 uter-

222 919 384 997 que
460 895 866 992 ignoravit.
992 895 1369 971 Similiter
1432 898 1745 970 Bonnet
1810 894 2280 989 (Recherch.

224 1035 279 1084 S.
341 1009 627 1106 l’usage
694 1008 767 1088 d.
833 1007 1161 1085 feuilles.
1215 1011 1605 1107 Goetting.
1660 1012 1870 1086 1754.
1919 1037 1994 1111 Ρ.
2043 1013 2207 1086 242.
2224 1011 2279 1108 ).

222 1122 621 1201 Viderunt
680 1138 948 1199 tamen
1018 1125 1379 1201 Sarrabat
1429 1137 1506 1200 et
1551 1128 1866 1200 Bonnet
1911 1149 2055 1225 per
2102 1150 2280 1204 vasa

223 1239 531 1337 lignosa
563 1237 967 1339 liquorem
1002 1237 1480 1314 adscendere
1515 1238 1980 1315 coloratum.
2078 1243 2280 1316 Vasa

226 1352 537 1454 spiralia
614 1377 816 1441 esse,
892 1377 1097 1454 quae
1167 1353 1485 1452 liquore
1560 1353 1916 1430 colorato
1993 1353 2279 1455 repleri

226 1467 559 1569 possint,
648 1469 952 1572 primus
1043 1469 1359 1567 agnovit
1443 1468 1768 1545 Reichel
1850 1469 2093 1564 (Dies.
2178 1466 2279 1544 de

226 1606 376 1656 vas.
472 1581 890 1683 spiralibus
981 1606 1229 1682 praes.
1329 1585 1419 1657 G.
1503 1586 1593 1660 R.
1674 1583 1997 1662 Reichel
2078 1609 2278 1686 resp.

230 1697 313 1772 C.
364 1697 448 1772 C.
497 1700 880 1794 Wagner.
927 1697 1131 1796 Lips.
1183 1700 1395 1772 1758.
1447 1698 1583 1792 4.).

414 1828 828 1903 Laminam
893 1825 1257 1928 spiralem
1334 1852 1468 1901 vas
1545 1852 1712 1904 esse
1784 1828 2279 1924 succigerum

229 1940 426 2016 circa
495 1941 874 2018 tubulum
958 1946 1220 2016 aerem
1282 1941 1704 2016 vehentem
1756 1943 2279 2018 convolutum

226 2056 683 2153 Hedwigius
746 2070 1024 2130 auctor
1084 2068 1198 2131 est
1262 2057 1426 2148 (De
1488 2053 1737 2131 fibrae
1797 2057 2142 2155 vegetab.
2203 2069 2280 2132 et

229 2170 536 2247 animal.
606 2185 811 2247 ortu.
872 2172 1074 2270 Lips.
1151 2174 1360 2247 1790.
1437 2197 1510 2270 p.
1576 2175 1734 2262 19.)
1788 2185 1865 2247 et
1912 2172 2115 2248 hanc
2168 2172 2276 2247 ob

225 2308 397 2359 rem
452 2284 738 2360 ductus
785 2284 1708 2386 pneumate-chyliferos
1755 2302 2001 2362 vocat.

421 2421 717 2494 Contra
780 2418 997 2493 hunc
1065 2417 1570 2519 Sprengelius
1623 2417 1997 2519 disputat,
2082 2420 2279 2514 (An-

223 2530 387 2606 leit.
452 2558 513 2606 z.
573 2540 909 2608 Kenntn.
975 2531 1048 2607 d.
1120 2538 1330 2610 GeW.
1396 2533 1541 2608 Ed.
1611 2538 1675 2607 1.
1730 2539 1818 2609 Τ.
1871 2540 1935 2609 1.
1986 2561 2058 2634 p.
2109 2535 2273 2628 97.)

229 2659 314 2721 et
391 2644 678 2721 fibram
750 2650 1000 2748 spirae
1072 2648 1156 2722 in
1208 2648 1555 2724 modum
1614 2660 1904 2723 tortam
1956 2648 2278 2723 nonnisi

228 2761 619 2836 laminam
685 2786 841 2840 esse
907 2765 1024 2864 (p.
1087 2765 1294 2860 124.)
1361 2760 1755 2849 adfirmat,
1806 2762 2011 2860 gyris
2064 2760 2279 2836 nulla

226 2877 695 2952 membrana
778 2877 1167 2954 connexis.
1295 2880 1889 2953 lucrementum
1972 2875 2283 2978 plantae

227 3017 706 3092 promovere
777 3008 970 3068 tunc
1019 2992 1402 3092 temporis
1472 2989 1805 3067 credidit
1869 2996 1991 3089 (p.
2054 2990 2281 3077 114.).

234 3105 607 3180 Similiter
654 3108 941 3183 Mirbel
990 3113 1319 3209 (Expos.
1368 3131 1442 3205 p.
1495 3108 1608 3180 76.
1660 3108 1822 3180 103.
1871 3106 2102 3195 210).

423 3245 686 3319 Filum
763 3261 1223 3322 contortum
1294 3244 1496 3320 tubo
1582 3241 1969 3318 contineri
2041 3244 2282 3316 Bern-

231 3356 458 3432 hardi
536 3361 846 3454 (Ueber
923 3344 1446 3457 Pssanzengef.
1527 3386 1602 3460 p.
1642 3359 1865 3456 .24.).
1986 3359 2279 3434 Contra

230 3472 444 3548 hunc
493 3474 780 3550 Mirbel
833 3474 1059 3579 (Exp.
1107 3503 1181 3578 p.
1236 3477 1468 3570 200).
1539 3524 1542 3527 ¹

417 3606 1004 3690 Molde'nhauer
1078 3619 1370 3710 (Beytr.
1445 3640 1519 3715 p.
1599 3613 1812 3700 203.)
1886 3611 2284 3687 membra-

232 3749 414 3801 nam
492 3727 766 3804 adesse
842 3728 1146 3804 interne
1221 3728 1599 3802 laminam
1678 3725 2044 3828 spiralem
2122 3747 2285 3797 am-

229 3837 577 3917 bientem
632 3858 709 3919 et
758 3856 1380 3941 connectentem.

416 3982 486 4063 E
536 3978 740 4058 fibra
790 3981 963 4064 fieri
1023 3982 1295 4061 Kieser
1342 3981 1677 4077 (Phytot.
1727 4005 1803 4079 p.
1855 3980 2015 4051 109.
2070 3977 2284 4072 110),

232 4106 307 4167 at
353 4096 909 4172 membranam
960 4109 1563 4179 connectentem
1613 4116 1782 4171 non
1834 4088 2124 4195 adesse.
