2843 4800
1022 331 1598 410 rnucrus
2192 333 2339 410 mm
2464 267 2468 271 ’

474 533 540 607 Ε
562 527 569 534 ’
592 530 1115 635 sporophoris
1138 586 1144 592 -
1165 529 1499 608 funiculi
1549 529 1951 608 interdum
2008 535 2346 632 quoque-

284 670 326 722 e
378 640 882 747 carpophoro
939 659 1222 723 exeunt
1269 646 1756 722 umbilicales
1806 669 1948 720 seu
1997 646 2335 720 semina-

278 755 394 836 les
457 762 760 837 semina
807 762 1280 836 sustinentes
1314 774 1449 835 aut
1489 760 1690 835 intra
1726 758 2339 860 c'arpophorum,

280 873 945 976 sporophoraque
991 873 1316 950 latentes
1367 888 1503 949 aut
1551 874 1823 949 exserti
1878 887 1956 949 et
2004 872 2337 974 quidem

281 1001 419 1074 aut
463 985 904 1064 brevissimi
957 1002 1092 1063 aut
1136 987 1519 1087 perlongi,
1545 985 2028 1064 fasciculum
2080 986 2337 1086 ligno-

146 1113 154 1122 '
280 1127 465 1177 sum
526 1101 895 1178 facillime
959 1103 1482 1203 conspicuum
1547 1100 1648 1176 ad
1713 1125 1986 1177 semen
2046 1101 2339 1202 perduss

282 1229 564 1291 centes.
620 1221 998 1292 Nomen
1064 1216 1562 1316 aptissimum
1611 1212 1949 1291 funiculi
2001 1216 2337 1291 semina-

279 1329 378 1404 lis
451 1328 794 1407 Richard
844 1330 930 1404 in
981 1328 1648 1431 podospermium
1701 1328 2335 1448 (podosperme)

283 1443 619 1517 mutavit
667 1445 850 1533 (An.
904 1442 979 1517 d.
1027 1439 1137 1517 fr.
1168 1469 1242 1544 Ρ.
1294 1443 1479 1540 17..)

466 1559 568 1631 In
669 1553 1289 1644 Cucurbitaceis,
1386 1556 1848 1656 praesertim
1956 1551 2335 1634 Cucumis

283 1669 569 1744 sativae
628 1666 893 1745 fluctu
952 1667 1266 1767 juniore
1324 1667 1564 1743 video
1617 1668 2032 1748 fasciculos
2082 1672 2336 1771 ligno-
2431 1689 2437 1696 ’

283 1808 418 1858 sos
499 1797 687 1870 treS,
770 1807 911 1858 seu
960 1782 1460 1884 sporophora
1510 1782 1689 1870 tria,
1759 1783 1924 1861 duo
1977 1785 2337 1873 lateralia,

280 1922 543 1972 unum
591 1894 973 1985 medium,
1021 1921 1166 1997 per
1212 1895 1566 1971 fructum
1600 1896 2113 1974 decurrentia.
2192 1903 2336 1973 Ba-

282 2010 388 2085 sis
437 2010 722 2098 medii,
785 2034 971 2086 cum
1022 2008 1323 2086 fluctus
1376 2009 1770 2099 adolescit,
1824 2011 2334 2087 oblitteratur.

278 2129 495 2201 Inter
558 2124 897 2201 lateralia
966 2139 1044 2201 et
1112 2125 1479 2200 medium
1543 2139 1707 2200 rete
1769 2123 2337 2201 fasciculorum

280 2264 657 2314 vasorum
720 2238 1230 2340 conspicitur,
1290 2239 1395 2315 ita
1457 2251 1549 2314 ut
1598 2238 2015 2340 quodlibet
2063 2264 2335 2316 semen
2391 2285 2394 2294 ·

144 2452 157 2459 ἢ
280 2353 484 2430 intra
551 2378 813 2430 aream
873 2351 1114 2451 hujus
1176 2352 1481 2429 reticuli
1544 2354 1899 2456 positum
1963 2355 2078 2431 sit.
2131 2352 2337 2431 ·Ad-

280 2484 562 2544 natum
632 2482 771 2544 ‘est
850 2469 1131 2568 utique
1219 2466 1594 2544 fasciculo
1689 2495 1732 2545 e
1823 2469 2334 2571 sporophoro

284 2578 657 2672 laterali,
698 2597 776 2659 et
844 2582 1051 2658 basis
1123 2605 1393 2656 versus
1457 2582 1693 2658 latera
1760 2607 2132 2660 conversa
2203 2597 2334 2659 est.

282 2699 725 2787 Maturitate
788 2696 1388 2797 sporophorum
1447 2694 1813 2770 medium
1873 2697 1960 2771 in
2011 2697 2337 2771 fascicu-

282 2811 407 2886 los
474 2809 986 2909 disjungitur,
1058 2808 1335 2884 lacuna
1415 2809 1502 2882 in
1562 2808 1835 2884 medio
1901 2810 2183 2897 oritur,
2261 2823 2339 2885 et

283 2924 634 3001 fasciculi
670 2923 1100 3001 seminales
1148 2923 1455 2998 reticuli
1502 2922 1586 2996 in
1637 2922 1878 3024 pulpa
1945 2923 2335 3024 deliques-

286 3052 497 3113 cunt.
592 3041 811 3116 Hinc
872 3035 1242 3115 adsentiri
1311 3061 1479 3112 non
1543 3060 1876 3136 possum
1925 3038 2096 3113 viro
2152 3038 2338 3111 alias

288 3164 521 3227 acuto
572 3155 765 3252 Aug.
814 3152 1138 3230 Hilaire
1157 3152 1242 3228 in
1290 3150 2040 3228 Cucurbitacearum
2073 3148 2341 3226 fructu

289 3264 754 3365 explicando
807 3268 1218 3363 (Memoir.
1271 3267 1343 3342 d.
1392 3272 1766 3344 Museum
1819 3271 1908 3342 T.
1940 3269 2006 3342 5.
2056 3293 2130 3369 p.
2172 3267 2338 3365 304.

292 3385 383 3455 Τ.
431 3383 501 3454 9.
550 3404 624 3477 p.
677 3379 910 3475 190.).

488 3491 807 3568 Semina
861 3491 954 3565 in
1018 3494 1185 3570 basi
1235 3508 1543 3570 tantum
1595 3494 2074 3597 sporophori
2122 3495 2342 3571 inve-

288 3606 653 3693 niuntur,
706 3610 1059 3705 quorum
1111 3607 1460 3707 exempla
1511 3634 1746 3711 supra
1799 3610 2199 3697 dedimuS‚
2267 3622 2344 3683 et

216 3714 225 3717 ¹
292 3720 509 3797 aliud
558 3721 947 3796 habemus
994 3721 1080 3795 in
1132 3722 1642 3800 Convolvulis
1692 3726 1832 3800 ubi
1885 3723 2160 3799 infima
2205 3723 2342 3798 ba-

289 3836 395 3910 'sis
434 3848 767 3910 ¹tantum
833 3835 1241 3937 producit,
1307 3852 1442 3912 aut
1501 3839 1586 3912 in
1634 3853 1805 3915 toto
1862 3838 2204 3913 decursu
2249 3851 2343 3912 ut

290 3949 376 4022 in
471 3949 776 4039 multiS,
877 3965 1014 4027 aut
1106 3952 1191 4025 in
1294 3952 1637 4030 extremo
1742 3953 1960 4054 apice
2030 3966 2339 4028 tantum

290 4060 513 4139 unde
593 4066 893 4142 semina
983 4064 1191 4142 fiunt
1274 4067 1578 4144 inversa
1666 4083 1742 4144 et
1811 4066 2193 4169 pendula,
2274 4068 2337 4143 si
