2843 4800
565 246 715 399 ‘aas
1053 326 1057 330 ·
1209 276 1973 395 onETA-‘rioss

552 493 879 600 ·vazioni
932 503 1147 595 sulla
1192 501 1614 624 Tremella
1655 515 1792 594 ed
1846 516 2046 594 sulla
2109 515 2655 598 circolazione
2771 611 2772 620 Ν

476 627 479 630 ’
552 631 733 714 ·de}
748 629 1040 716 fluido
1034 631 1147 710 in
1178 643 1356 709 una
1404 631 1670 733 pianta
1723 628 2189 742 acquajuola
2226 629 2401 708 dall’
2435 635 2639 710 Abb.

565 756 857 830 Bonav.
893 748 1136 827 Corti.
1201 750 1455 824 Lucca
1493 749 1706 824 1774.
1753 752 1823 825 8.
1874 734 2262 824 etJourn.
2295 745 2370 822 d.
2399 747 2638 846 Phys.

571 871 669 943 Τ.
728 870 796 941 8.
862 889 936 965 Ρ.
992 843 1241 969 232).
1363 846 1570 939 Rem
1615 855 2218 974 confirmarunt
2277 864 2643 939 Fontana

571 985 927 1080 (Journ.
924 976 1065 1052 -.d
1084 975 1237 1052 Ph.
1291 979 1383 1051 Τ.
1430 981 1501 1051 9
1564 1001 1655 1077 p.
1677 955 1918 1073 285.)
1982 979 2065 1052 L.
2132 976 2218 1053 C.
2281 976 2645 1052 Trevira-

552 1117 726 1170 ·nus
787 1091 923 1190 (in
969 1084 1337 1192 Weber's
1385 1089 1619 1164 Beitr.
1651 1113 1735 1164 ·.z
1755 1088 2330 1190 Naturkunde.
2430 1079 2522 1166 T.
2573 1092 2641 1165 2

567 1235 645 1312 p.
704 1209 884 1283 132.
962 1217 1039 1280 et
1095 1202 1351 1308 Beytr.
1416 1225 1479 1278 Ζ.
1544 1201 2255 1306 Pssanzenphysiol.
2337 1230 2415 1305 p.
2471 1205 2640 1302 91.)

572 1322 809 1400 Gazzi
874 1313 1200 1418 (Journ.
1228 1316 1327 1392 (1.
1392 1317 1621 1426 Phys.
1689 1321 1902 1394 1818.
1963 1344 2038 1419 p.
2095 1316 2318 1415 230.)
2392 1320 2642 1395 Accu-

568 1443 799 1514 ratas·
824 1455 1023 1511 vero
1070 1430 1683 1510 observationes
1729 1432 2071 1508 instituit
2119 1431 2638 1510 Giambattist.

556 1531 825 1629 'Amici
912 1533 1527 1647 (Osservazioni
1618 1545 1819 1624 sulla
1902 1546 2425 1623 circolazione
2503 1546 2636 1623 del
2775 1635 2776 1648 1

550 1655 897 1774 *βιιόειιίο
973 1661 1230 1739 nella
1257 1659 1574 1739 Chara.
1629 1659 1985 1758 Modena
2071 1659 2352 1758 1818).
2480 1659 2635 1738 Cfr.

571 1797 927 1883 quoque
962 1776 1112 1853 hac
1164 1767 1317 1853 de
1340 1801 1430 1851 re
1481 1775 1801 1851 Schultz
1853 1776 2053 1873 (Die
2099 1780 2356 1853 Natur
2404 1759 2481 1849 d.
2530 1774 2634 1850 le-

458 1917 465 1918 *
554 1877 885 1991 ·bendig.
934 1890 1272 1967 Pflanze.
1324 1894 1415 1965 T.
1452 1895 1517 1966 1.
1551 1917 1625 1992 Ρ.
1659 1890 1906 1988 318).
1976 1893 2072 1967 In
2107 1889 2364 1966 Chara
2396 1888 2633 1964 flexili

566 2006 1018 2140 peroptime
1083 1999 1602 2105 conspicitur,
1667 2003 1753 2079 in
1831 2004 2158 2105 reliquis
2224 2003 2635 2107 speciebus

570 2123 830 2210 etiam,
879 2120 945 2195 si
994 2117 1568 2194 indumentum
1603 2118 1847 2194 caulis
1882 2132 2294 2196 externum
2329 2132 2408 2195 et
2449 2143 2637 2221 opa-

555 2258 761 2336 cum
810 2225 1273 2309 detractum
1292 2229 1563 2307 fuerit.

548 2446 553 2453 ‚
596 2367 601 2370 ’
761 2349 890 2425 Fit
958 2347 1106 2423 iste
1151 2358 1430 2422 motus
1489 2346 1577 2422 in
1645 2347 1930 2450 quovis
1991 2346 2451 2426 internodio
2502 2347 2630 2436 ita,

560 2470 681 2538 ιιι
728 2461 1044 2563 liquor
1060 2461 1147 2537 in·
1217 2461 1592 2538 alterutro
1657 2462 1897 2540 latere
1964 2462 2128 2538 cavi
2188 2462 2442 2539 medii
2487 2461 2634 2538 .-ad

568 2574 928 2664 scendat,
999 2587 1182 2652 tum
1254 2575 1341 2651 in
1413 2574 1640 2653 nodo
1695 2575 1794 2652 ad
1862 2575 2066 2652 latus
2130 2576 2494 2666 vertatur,
2547 2578 2633 2653 in
2761 2618 2767 2627 ·

560 2690 814 2769 latere
852 2691 1235 2792 opposito
1264 2688 1728 2778 descendat,
1787 2689 2136 2793 denique
2183 2689 2281 2767 ad
2315 2689 2635 2791 nodum

558 2805 1039 2908 ‘oppositum
1104 2803 1622 2881 readscendat
1688 2819 1763 2880 et
1811 2804 1933 2880 ·sic
1995 2830 2265 2908 porro.
2396 2803 2634 2881 Nulla

563 2918 1031 2997 ‘membrana
1099 2917 1352 3006 adest,
1409 2943 1573 3020 qua
1650 2931 1963 2994 torrens
2037 2917 2527 2995 adscendens
2592 2946 2632 2994 a

564 3024 1097 3109 descendente
1179 3042 1602 3133 separatur.
1730 3036 2005 3109 Motus
2085 3033 2458 3110 humoris
2544 3033 2628 3109 in

528 3145 852 3248 ‘quovis
917 3140 1379 3221 internodio
1427 3154 1586 3249 'p'er
1625 3148 1734 3246 ‘se
1765 3146 2205 3248 perficitur,
2262 3149 2350 3223 in
2407 3146 2631 3222 variis

561 3261 785 3336 enim
831 3258 1308 3335 internodiis
1354 3268 1663 3336 versus·
1668 3261 1890 3359 varia
1939 3262 2177 3359 latera
2210 3261 2623 3367 irregulari

396 3418 405 3433 ν
522 3356 530 3473 J
560 3372 819 3450 mod'o
870 3372 1057 3451 fieri
1095 3373 1316 3449 solet.
1418 3376 1670 3475 Saepe
1720 3382 1999 3475 cessat,
2063 3390 2247 3479 post
2294 3400 2631 3482 parvum

561 3504 754 3564 vero
819 3488 1207 3589 temporis
1266 3482 1772 3566 intervallum
1819 3515 2098 3566 rursus
2145 3491 2441 3592 incipit.
2546 3490 2628 3567 Si

517 3598 1137 3719 ,internodium
1179 3601 1557 3701 ligaturae
1620 3628 1778 3705 ope
1843 3618 1979 3680 aut
2026 3603 2171 3680 alia
2226 3629 2631 3737 compres-

520 3706 786 3794 ‘sione
833 3715 949 3791 in
969 3715 1167 3792 duas
1214 3718 1482 3817 partes
1499 3716 1937 3807 dividitur,
1986 3732 2259 3796 motus
2309 3719 2395 3794 in
2431 3744 2627 3820 qua-

550 3828 692 3907 vis
739 3843 962 3932 parte
1027 3831 1362 3908 seorsim
1426 3832 1856 3933 peragitur.
1960 3832 2061 3908 Hi
2126 3848 2404 3936 motus
2452 3857 2627 3908 non

518 3936 1172 4063 dignoscuntur,
1245 3944 1398 4031 nisi
1475 3945 1826 4044 granulis
1903 3946 2472 4024 virescentibus
2542 3948 2627 4021 in

551 4054 963 4135 humore
988 4052 1468 4166 natantibus,
1615 4058 1842 4138 Vidit
1918 4061 2205 4151 Amici,
2286 4044 2624 4161 granula
