2843 4800
559 375 702 449 172
1361 372 1800 447 GAULIS.

610 578 903 692 ''folza
940 519 1573 694 ⁴gemmasque,
1609 617 1620 636 ⁴
1682 601 1793 662 e
1842 565 2609 663 combinatione

657 713 912 828 ligni
1030 719 1283 851 cum
1325 712 2177 875 parenchymate
2272 716 2620 832 produ-²

680 858 946 944 cendi.

745 1023 1010 1100 Caulis
1100 1046 1339 1102 cumz·
1375 967 1638 1100 radice
1713 1022 2121 1102 caudicem
2196 1022 2610 1099 constituit

548 1137 709 1213 cui
776 1161 1060 1214 omnes
1156 1149 1415 1237 partes
1508 1136 1818 1236 plantae
1896 1136 2313 1266 impositae
2394 1150 2611 1219 sunt,
2675 1186 2679 1190 -

550 1251 849 1329 Caulis
890 1265 1146 1352 partes
1211 1275 1448 1350 supra
1515 1264 1805 1332 terram
1857 1250 2174 1351 positas
2225 1249 2602 1336 sustinet,

547 1366 767 1442 radix
813 1379 1071 1466 partes
1119 1363 1430 1465 plantae
1477 1362 1678 1439 infra
1727 1378 2036 1440 terram.

743 1484 1044 1556 Succus
1094 1476 1194 1555 ad
1243 1476 1469 1565 folia,
1519 1485 1898 1575 gemmas,
1968 1477 2258 1576 florem
2308 1425 2408 1553 et
2428 1437 2598 1552 fru-

547 1606 765 1670 ctum
811 1592 1223 1695 pervenire
1271 1615 1439 1668 non
1487 1605 1775 1694 potest,
1824 1591 1976 1702 nisi
2027 1615 2170 1692 per
2216 1589 2596 1670 caulem.

738 1712 804 1786 E
865 1707 1086 1807 ligno
1152 1704 1329 1782 solo
1396 1706 1682 1790 nullibi
1747 1697 2061 1803 gemma
2127 1717 2264 1780 aut
2322 1730 2604 1781 ramus·

547 1823 961 1909 emittitur,
1001 1844 1132 1898 ne
1193 1845 1464 1896 ramus
1528 1818 1812 1895 radicis
1857 1818 2210 1920 .quidem.·
2306 1818 2598 1895 Nodus

547 1934 1041 2037 compositus
1100 1932 1272 2010 fieri
1341 1957 1514 2008 non
1574 1947 1835 2034 potest
1897 1932 2046 2009 nisi
2116 1947 2367 2020 extus,
2419 1958 2598 2018 corr,

543 2065 704 2138 tex,
784 2049 1015 2125 intus-
1071 2070 1260 2124 vero
1324 2044 1685 2123 ,medulla
1758 2046 1976 2143 ligno
2044 2047 2398 2148 apposita
2472 2047 2596 2123 sit.

542 2162 830 2239 Nodus
870 2161 1223 2262 simplex
1286 2185 1511 2247 vero,
1556 2184 1636 2235 ·e.
1693 2184 1766 2260 g.
1831 2160 1915 2235 in
1974 2160 2238 2237 radice
2289 2174 2366 2237 et
2412 2187 2603 2245 cau-,-
2671 2200 2676 2204 ·

548 2277 723 2352 dice
784 2274 1258 2352 intermedio
1327 2275 1624 2374 absque
1672 2274 2023 2351 medulla
2075 2274 2265 2350 oriri
2313 2269 2589 2379 potest,

540 2390 1042 2492 Ubicunque:
1082 2414 1395 2487 gemma
1435 2388 1851 2466 formatur
1909 2388 2261 2468 medulla
2317 2406 2588 2488 >vegeta

544 2505 651 2593 fit,
686 2530 1186 2606 quamquam:
1212 2505 1396 2580 alias
1434 2503 2009 2583 effoetafuerit.
2083 2505 2239 2583 Ubi
2272 2529 2585 2603 gemma

544 2645 587 2694 e
663 2619 987 2696 caudice
1035 2617 1512 2699 intermedio
1536 2679 1553 2705 ,
1599 2632 1756 2697 faut
1817 2643 1862 2693 e
1924 2618 2190 2697 radice
2239 2620 2587 2716 emergit,

542 2734 804 2813 statim
866 2732 1305 2811 medullam
1366 2731 1704 2834 profert,
1762 2747 1856 2810 ut
1913 2731 2109 2809 nodi
2162 2734 2595 2833 compositi»

540 2848 869 2929 formari
958 2848 1283 2949 possint.
1411 2847 1848 2948 ‚Praecipua
1927 2861 2091 2921 tam
2187 2845 2597 2932 medullae·

541 2987 786 3062 quam
849 2963 1183 3040 corticis*
1218 2962 1522 3043 functio
1585 2961 1672 3036 in
1718 2982 2215 3059 gemmarum
2264 2978 2586 3054 genera-

539 3077 759 3157 tione
788 3077 1061 3178 -posita
1108 3075 1440 3153 videtur.

734 3193 828 3267 In
893 3197 1187 3268 Natura
1253 3191 1364 3264 nil
1428 3186 1614 3264 novi
1677 3183 2150 3286 producitur
2165 3206 2190 3272 ,·
2246 3183 2396 3263 nisi
2465 3183 2582 3263 di·
2665 3226 2670 3229 ·

539 3328 783 3384 versa
822 3318 912 3379 et·
962 3301 1478 3402 discrepantia
1543 3298 2138 3385 combinentur;
2188 3324 2393 3402 quae
2440 3299 2580 3379 ita·-
2653 3338 2656 3343 ·

541 3441 699 3519 que
747 3415 868 3491 lex
915 3414 1441 3513 generationis
1488 3413 1749 3491 vocari
1796 3427 2074 3515 potest.
2167 3470 2176 3474 -

1358 3699 1832 3727 *'·
