2843 4800
941 311 1670 405 GEoLoema.
1752 362 1781 392 -,
2183 286 2326 399 455

467 510 652 609 Agri
703 523 906 587 terra
956 509 1274 591 subacta
1308 509 1504 611 laeta
1540 509 1901 609 gaudent.
1986 511 2322 589 Centau.-

245 650 406 709 rea
461 628 792 724 Cyanus.
888 625 1211 707 Lolium
1259 626 1789 701 temulentum
1840 639 1977 707 etc.
2313 698 2318 707 ,

441 745 857 817 versurae
906 765 962 816 s.
1010 740 1403 839 margines
1455 764 1828 838 agrorum
1878 753 2063 816 sunt
2098 740 2320 840 quasi

246 870 491 958 prata
559 869 993 930 stercorata.
1110 855 1577 933 Cichorium
1624 853 1970 951 Intybus.
2070 858 2324 930 Tana-

250 985 540 1047 cetum
589 968 1008 1045 Balsamita
1061 982 1195 1057 etc.
1523 996 1528 1001 ·

472 1084 700 1163 Culta
748 1083 832 1157 in
882 1083 1133 1160 hortis
1166 1098 1367 1160 terra
1398 1081 1775 1183 producit
1802 1082 2323 1183 plantashor-

246 1200 562 1281 tulanis
609 1198 916 1274 invisas.
968 1197 1512 1299 Chenopodia.
1563 1196 1950 1274 Fumaria.
1999 1196 2283 1275 Urtica.

463 1312 861 1392 Ruderata
921 1309 1131 1409 juxta
1211 1312 1537 1400 domus,
1618 1310 2087 1399 habitacula,
2158 1311 2319 1388 vias

132 1502 133 1505 ,
250 1444 344 1506 et
397 1428 708 1529 plateas.
803 1425 1147 1527 Atriplex
1193 1426 1480 1526 patula.
1578 1430 1928 1525 Borrago
1966 1425 2318 1502 officina,

246 1544 365 1620 lis
421 1556 556 1619 etc.

466 1659 654 1732 Non
700 1668 1010 1731 tantum
1064 1653 1165 1730 de
1212 1654 1497 1755 plantis
1547 1654 1722 1735 solo
1777 1653 2092 1731 cuidam
2133 1678 2318 1755 pro÷

249 1769 464 1874 priis
511 1768 646 1845 hic
694 1784 957 1846 sermo
1013 1782 1142 1857 est,
1193 1767 1332 1845 sed
1387 1795 1716 1872 quoque
1767 1768 1869 1845 de
1915 1768 2200 1870 plantis
2231 1768 2318 1842 in

251 1884 448 1962 solo
502 1882 856 1985 quodam
905 1882 1472 1984 frequentibus,

461 2000 582 2076 De
671 1998 956 2101 plantis
1048 1998 1132 2072 in
1224 2011 1431 2074 terra
1528 2021 1696 2073 non
1784 1988 2319 2079 radicantibus

247 2143 326 2191 v.
396 2139 652 2215 supra.
786 2111 1105 2189 Plantae
1166 2113 1719 2203 subterraneae
1767 2134 2063 2212 paucae
2113 2122 2318 2198 sunt,

251 2228 543 2307 Tuber
587 2229 1062 2326 praesertim,
1115 2250 1300 2307 nam
1362 2225 1753 2326 plurimae
1801 2225 1964 2301 huc
2013 2224 2317 2329 relatae,

255 2351 477 2417 certe
557 2338 666 2413 nil
752 2354 938 2415 sunt
1009 2340 1159 2418 nisi
1231 2340 1450 2418 thalli
1538 2339 2014 2440 fungorum,
2109 2361 2317 2441 quos

255 2479 458 2626 cum
505 2450 912 2567 radicibus
971 2452 1299 2538 aliarum
1347 2454 1799 2553 plantarum
1849 2478 2316 2557 comparare

252 2578 375 2656 po
417 2575 586 2626 ens.

257 2705 471 2799 229.
596 2699 1122 2792 Distributio
1178 2707 1695 2822 plantarum
1754 2699 2314 2795 secundum

390 2843 813 2963 species,
883 2870 1252 2957 genera
1322 2843 1817 2934 naturalia
1893 2856 1992 2933 et
2056 2838 2312 2931 ordi-

387 3013 570 3075 nes
633 2985 1137 3078 naturales
1205 2980 1961 3080 consideranda.

463 3119 777 3212 Gradus
822 3118 1255 3201 latitudinis
1302 3103 1712 3195 indicandi
1766 3133 1950 3200 sunt
1997 3117 2082 3198 in
2141 3117 2323 3218 qui-‚

258 3235 417 3312 bus
496 3232 804 3332 plautae
884 3236 1416 3336 reperiuntur,
1515 3247 1692 3310 tum
1773 3230 2312 3331 longitudinis,

255 3344 619 3424 tandem‘
663 3347 988 3426 elevatio
1064 3373 1300 3451 supra
1372 3372 1592 3426 mare
1664 3349 1999 3426 minime
2070 3344 2313 3445 neglia·
2401 3387 2408 3396 ι

256 3459 544 3560 genda.
1471 3535 1489 3554 ,

461 3573 744 3654 Solum
757 3613 779 3663 ,·
851 3576 912 3653 si
977 3575 1240 3680 planta
1270 3600 1548 3653 funum
1598 3591 1910 3660 tantum
1958 3571 2314 3679 praefert,

259 3714 494 3798 saepe
542 3690 853 3792 plagam
904 3690 1212 3791 plantae
1259 3690 1667 3792 propriam
1717 3689 2242 3790 interrumpit.

452 3802 673 3881 Aliae
721 3803 1030 3905 plantae
1063 3804 1301 3902 longe
1332 3803 1647 3906 lateque
1682 3804 2078 3909 dispersae
2109 3816 2314 3890 sunt,

261 3917 456 3996 aliae
487 3918 800 4021 plagam
826 3920 1171 4018 angustis
1195 3917 1587 4003 limitibus
1610 3919 1995 4002 inclusam
2026 3931 2311 4002 amant

263 4032 426 4112 Hae
473 4031 747 4137 plagae
796 4059 1026 4144 saepe
1074 4032 1472 4150 dispersae
1519 4048 1736 4126 wsunt,
1773 4048 1879 4114 *et
1929 4032 2313 4136 longe-ab
