2843 4800
499 4274 605 4305 ”nah-s,

556 304 704 399 4⁵2
1214 299 1951 398 GEoLonA.

554 497 860 581 chideis
909 495 1339 599 superbires
1367 496 1468 595 (e.
1517 519 1585 595 g.
1636 497 1719 572 in
1771 494 2364 596 insula‘Rugia)
2408 523 2613 600 quae

554 613 1016 712 regionibus
1091 609 1824 709 circumjacentibus
1900 611 2236 687 omnino
2303 611 2612 701 desunt.

554 724 1140 829 Cypripedium
1168 718 1581 802 Calceolus
1616 752 1656 801 a
1689 725 2102 801 montibus
2139 728 2614 823 Hercyniam

556 840 1060 947 cingentibus
1125 865 1382 940 usque
1446 838 1546 915 ad
1610 840 1950 937 Rugiam
2001 838 2285 915 nullibi
2338 841 2613 917 inven-

557 969 732 1035 tum
817 969 949 1029 est.
1077 956 1234 1031 Res
1316 977 1486 1029 sese
1568 948 1832 1041 habet,
1913 967 2038 1030 ut
2086 952 2187 1029 de
2282 944 2607 1053 climate.

561 1072 765 1165 Sunt
827 1068 1139 1168 plantae
1205 1066 1523 1144 cuidam
1572 1080 1881 1143 tantum
1932 1066 2108 1144 solo
2158 1068 2610 1168 peculiares,

560 1196 745 1266 sunt
803 1181 892 1257 in
957 1181 1174 1257 vario
1243 1181 1419 1258 solo
1483 1181 2053 1284 provenientes
2096 1206 2361 1257 unum
2421 1207 2607 1259 vero

555 1294 1084 1409 praeferentes
1160 1309 1238 1372 et
1293 1295 1421 1379 ibi
1506 1295 1846 1372 maxima
1928 1295 2154 1397 copia
2219 1294 2611 1395 degentes,

554 1423 780 1507 sunt,
856 1433 1103 1509 quae
1148 1408 1466 1485 nullum
1550 1408 1978 1485 discrimen
2061 1409 2212 1486 soli
2303 1410 2609 1503 faciant.

556 1529 766 1613 Haec
817 1547 1148 1624 quoque
1199 1522 1300 1599 ad
1347 1523 1776 1599 Historiam
1839 1524 2289 1626 plantarum
2353 1524 2603 1601 facere

555 1650 896 1741 possunt
977 1651 1054 1713 et
1132 1637 1444 1739 plantae
1524 1636 1606 1712 in
1690 1637 1866 1714 solo
1932 1637 2293 1739 quodam
2359 1640 2608 1739 rarius

504 1845 508 1849 ἢ
556 1751 1137 1856 provenientes,
1197 1749 1671 1849 migratione
1734 1750 2002 1852 forsan
2067 1753 2154 1828 in
2236 1777 2465 1833 eum
2487 1752 2608 1831 lo-

460 1938 467 1943 ,
558 1892 743 1945 cum
793 1872 1339 1967 pervenerunt.

558 2054 567 2060 .
745 1980 868 2061 Ad
921 1981 1498 2081 expositionem
1548 1977 1807 2058 refero
1861 1980 2131 2057 omnia
2181 1942 2341 2058 alia
2407 2007 2605 2084 quae

556 2121 793 2196 supra
844 2093 1110 2170 solum
1158 2095 1243 2171 in
1292 2092 1642 2194 plantam
1693 2116 1920 2191 agere
1969 2108 2368 2196 possunt.

752 2206 1216 2284 Secundum
1306 2205 1575 2282 solum
1671 2222 1751 2283 et
1829 2209 2410 2309 expositionem
2495 2235 2603 2286 se·

556 2321 879 2425 quentia
931 2319 1173 2396 habes
1222 2318 1395 2395 loca
1446 2319 1764 2412 natalia,
1828 2323 2287 2423 praesertim
2333 2347 2384 2402 e
2424 2324 2607 2400 Lin-

553 2436 730 2530 naei
780 2434 1301 2536 Philosophia
1348 2434 1716 2512 botanica
1767 2436 1980 2534 (334)
2034 2436 2414 2584 desumta,
2461 2439 2597 2540 qui

556 2550 859 2652 optime
910 2548 1275 2638 distinxit.

555 2725 563 2734 .
658 2693 661 2696 ¹
742 2669 962 2742 Mare
1013 2678 1215 2765 aqua
1265 2663 1461 2739 salsa
1525 2611 1946 2753 refertum
2004 2660 2132 2742 vix
2207 2665 2411 2742 ullas
2474 2666 2599 2744 alit

550 2781 854 2883 plantas
936 2778 1598 2880 phanerogamas,
1682 2778 1832 2853 nisi
1900 2784 2264 2857 Zosterae
2337 2804 2604 2879 genus,

551 2892 690 2972 sed
742 2891 970 2990 Algas
1017 2905 1348 2967 tantum.
1434 2888 1664 2988 Najas
1716 2904 1794 2967 et
1841 2893 2541 2994 Ceratophyllum
2520 2919 2596 2971 m

554 3008 778 3111 aquis
845 3020 1236 3094 crescunt,
1304 3029 1510 3107 quae
1573 3029 1779 3107 aqua
1841 3006 2145 3084 marina
2195 3007 2603 3087 interdum

552 3122 1083 3218 imbuuntur.·
1767 3179 1768 3182 a

739 3236 1043 3332 Littora.
1090 3207 1386 3312 maris
1407 3256 1641 3309 arena
1692 3258 1835 3310 seu
1883 3234 2198 3326 sabulo,
2249 3230 2482 3312 sale
2458 3262 2602 3313 ιιιι-

550 3363 1015 3451 praegnato,
1062 3347 1305 3424 maris
1355 3344 1730 3425 fluctibus
1778 3350 2189 3451 ventisque
2240 3352 2602 3481 exposita,

548 3463 906 3565 proprias
1004 3461 1226 3546 alunt
1329 3458 1651 3562 plantas.
1812 3462 2079 3539 Cakile
2190 3465 2604 3552 maritima,

547 3576 987 3678 Eryngium
1036 3574 1549 3672 maritimum.
1743 3645 1746 3652 .

661 3690 1080 3786 -Littora‘
1089 3687 1475 3789 rupestria
1508 3665 1748 3765 maris
1782 3687 2156 3767 fluctibus
2193 3693 2604 3794 ventisque

549 3804 901 3907 exposita
910 3801 1314 3905 quasdam
1359 3801 1582 3879 alunt
1628 3802 1928 3904 plantas
1975 3831 2023 3881 a
2069 3804 2606 3907 praecedenti-

546 3921 703 4011 bus
750 3917 1112 3995 diversas.
1207 3915 1555 4014 Brassica
1603 3916 1958 4016 oleraeea
2003 3918 2091 3995 in
2132 3915 2603 4015 hujusmodi

504 4033 888 4144 *napibus
937 4043 1390 4134 spontanea.

1037 4162 1084 4194 s
1143 4187 1157 4201 ,

605 4201 725 4286 f'
