2843 4800
512 325 717 402 228.
1078 315 1995 397 INTEGUMENTA.
2109 384 2116 391 .

419 572 425 577 -
523 523 736 611 ultra·
774 519 1115 619 calycem
1164 517 1389 595 valde
1440 516 2115 649 prominentibus.
2180 518 2567 619 (Stapelia

522 663 587 714 e.
648 660 714 734 g.
778 635 1183 736 aliisque),
1267 657 1497 731 saepe
1557 633 1643 705 in
1706 631 1800 705 iis
1865 630 2061 705 locis
2119 631 2267 707 uhi
2329 631 2563 706 viridi

519 750 786 827 colore
834 750 1183 825 imbutae
1233 761 1450 831 sunt3
1516 744 1677 819 vidi
1725 744 1809 818 in
1859 743 2132 845 petalis
2176 746 2566 819 Paeoniae

504 863 1034 939 monstrosis
1065 876 1142 937 et
1210 860 1597 935 viridibus
1672 883 1855 933 cum
1918 858 2003 932 in
2071 858 2438 935 coloratis
2490 872 2567 933 et

519 1001 685 1053 non
759 975 1078 1052 mutatis
1151 973 1485 1047 minime
1561 969 1936 1046 adessent.
2078 972 2564 1074 Plerumque

517 1114 708 1166 vero
795 1091 877 1165 in
955 1088 1334 1164 exteriore
1409 1084 1699 1163 adsum
1766 1082 2079 1185 pagina,
2148 1085 2401 1162 rarius
2476 1085 2562 1159 in

519 1217 851 1305 utraque
920 1203 1396 1299 (occurrunt
1466 1201 1549 1273 in
1633 1200 2053 1274 Dictamno
2121 1198 2334 1286 albo,
2397 1204 2563 1275 Me-

402 1320 407 1329 ’
518 1315 1189 1396 sembrianthemo
1233 1312 1629 1400 bicolore,
1692 1311 2104 1388 Passiflora
2168 1311 2559 1389 serratifo-

517 1431 619 1507 lia
692 1429 898 1508 Rud.
960 1456 1031 1529 p.
1099 1426 1299 1523 88.)‚
1367 1426 1765 1501 rarissime
1823 1426 1910 1500 in
1974 1426 2348 1503 interiore
2394 1440 2561 1501 tan-

516 1559 690 1625 tum
753 1543 1179 1645 (Epilobio
1247 1539 1753 1642 angustifolio
1804 1537 2132 1638 Rud.,’p.
2181 1540 2368 1636 89.).
2464 1542 2588 1627 Inw

515 1659 822 1757 magnis
883 1655 1349 1733 staminibus
1413 1668 1490 1729 et
1554 1652 1882 1754 quidem
1936 1651 2364 1729 filamentis
2412 1676 2560 1728 nec

515 1796 683 1848 non
731 1771 1033 1871 pistillis
1082 1769 1241 1844 vidi
1294 1770 1391 1867 (e.
1443 1791 1510 1865 g.
1559 1770 1873 1852 Datum,
1905 1766 2351 1851 Passissora;
2395 1770 2559 1842 Ru-

518 1885 795 1985 dolphi
862 1883 1313 1961 observavit
1383 1881 1468 1955 in
1545 1879 1889 1959 antheris
1948 1879 2124 1955 Lilii
2183 1879 2558 1969 bulbiferi

513 2001 636 2099 (p.
685 1997 870 2094 91.).
967 2000 1057 2070 ln
1094 1995 1462 2094 ,germine
1525 1993 2000 2094 plerumque
2058 1993 2559 2094 reperiuntur

517 2126 594 2188 et
655 2111 1201 2186 oblitterantur
1260 2109 1346 2182 in
1394 2106 1660 2184 fructu
1702 2119 2043 2182 maturo.
2155 2112 2385 2182 Testa
2431 2106 2555 2183 his
2611 2188 2616 2193 Ι

512 2236 752 2309 caret,
817 2236 894 2298 at
952 2222 1492 2320 cotyledoneS,
1549 2234 1829 2321 utpote
1887 2219 2078 2297 folia
2153 2221 2553 2298 seminalia

512 2334 775 2424 futura
790 2334 1011 2437 {ipsis
1055 2336 1480 2413 instructae
1530 2347 1731 2412 sunt.

702 2449 947 2525 Primi
1023 2451 1562 2528 observatores
1633 2474 1913 2527 succos
1992 2475 2397 2545 secernere
2478 2438 2556 2526 et
2620 2451 2623 2458 ’
2673 2473 2676 2476 ·

516 2586 925 2644 excernere
984 2577 1390 2665 putarunt,
1465 2578 1549 2641 -et
1626 2563 1726 2641 ad
1800 2563 2207 2662 glanduias
2265 2563 2553 2658 retulef

510 2691 716 2755 runt.
788 2675 1242 2776 Hedvvigius
1289 2678 1871 2778 transpirationi
1908 2702 2198 2776 organa
2233 2703 2399 2755 esse
2425 2678 2553 2754 -di-

516 2805 675 2866 cata
724 2790 1023 2891 putavit
1070 2790 1429 2889 (Samml.
1480 2792 1669 2867 sein.
1720 2805 2112 2869 zerstreut.
2161 2790 2549 2868 Abhandl.

509 2933 584 3007 p.
636 2907 878 3003 129.),
920 2902 1058 2979 cui
1111 2905 1477 3006 opinioni
1526 2904 1734 2981 favet
1780 2904 2250 2979 Treviranus
2315 2907 2550 3001 (Ver-

508 3018 841 3094 mischte
906 3016 1213 3095 Schrift.
1281 3024 1346 3096 1.
1402 3018 1774 3120 p..1¹71.).
1867 3019 2055 3091 Non
2099 3017 2550 3114 ‘negaverim
2632 3116 2638 3123 q

506 3130 756 3209 fluida
828 3131 1117 3207 harum
1199 3156 1353 3232 ope
1425 3129 1757 3229 secerni,
1831 3152 2036 3227 quae
2105 3154 2460 3231 vapores.
2503 3155 2547 3206 e
2667 3193 2676 3203 .

504 3245 792 3347 plantis
880 3259 1362 3343 emergentes
1457 3253 1819 3339 augeant,
1898 3254 1979 3315 at
2051 3245 2543 3344 transpiratio

501 3356 972 3434 insensibilis
1031 3357 1116 3432 in
1176 3354 1530 3457 parti-bus
1591 3352 1715 3442 fit,
1800 3379 2002 3455 quae
2066 3358 2284 3458 poris
2331 3359 2546 3433 hisce

501 3481 798 3569 carent,
875 3493 938 3544 e.
1007 3492 1077 3567 g.
1157 3466 1573 3544 radicibus.
1695 3470 2137 3546 Resorbere
2206 3470 2544 3547 Bonneti

500 3579 1075 3680 experimentis
1119 3581 1207 3656 in
1281 3580 1492 3658 foliis
1566 3582 1936 3659 institutis
2008 3584 2349 3685 permoti
2407 3583 2542 3659 alii

493 3703 874 3807 putarunt
921 3692 1318 3791 (Krocker
1366 3695 1468 3772 de
1518 3696 1722 3798 epid.
1771 3724 1847 3799 p.
1895 3700 2009 3772 58.
2065 3696 2346 3797 seqq..)
2444 3700 2544 3772 At

493 3808 654 3883 vidi
721 3806 912 3884 folia
973 3807 1429 3885 Brow-alliae
1479 3810 1754 3898 elatae,
1804 3810 2209 3910 superiore
2258 3808 2541 3909 pagina

492 3945 742 4022 aquae
787 3920 1176 4023 imposita,
1225 3947 1394 3999 non
1442 3924 1712 4001 minus
1761 3922 1905 3998 diu
1951 3924 2227 4018 vigere,
2285 3944 2370 3995 ac
2419 3919 2542 3992 in·-

490 4031 783 4138 feriore
856 4035 1140 4136 pagina
1211 4062 1463 4140 aquae
1531 4035 1934 4140 imposita,
2009 4056 2197 4113 cum
2267 4048 2540 4112 tamen
