<?xml version="1.0" encoding="UTF-8"?>
<!DOCTYPE html PUBLIC "-//W3C//DTD XHTML 1.0 Transitional//EN"
    "http://www.w3.org/TR/xhtml1/DTD/xhtml1-transitional.dtd">
<html xmlns="http://www.w3.org/1999/xhtml" xml:lang="en" lang="en">
 <head>
  <title>
</title>
<meta http-equiv="Content-Type" content="text/html;charset=utf-8" />
  <meta name='ocr-system' content='tesseract 3.04.00' />
  <meta name='ocr-capabilities' content='ocr_page ocr_carea ocr_par ocr_line ocrx_word'/>
</head>
<body>
  <div class='ocr_page' id='page_1' title='image "./elementaphiloso01linkgoog_0163.png"; bbox 0 0 2843 4800; ppageno 0'>
   <div class='ocr_carea' id='block_1_1' title="bbox 1058 291 2287 420">
    <p class='ocr_par' dir='ltr' id='par_1_1' title="bbox 1058 291 2287 420">
     <span class='ocr_line' id='line_1_1' title="bbox 1058 291 2287 420; baseline 0 -33"><span class='ocrx_word' id='word_1_1' title='bbox 1058 291 1497 390; x_wconf 73' lang='lat' dir='ltr'><strong>cAULls.</strong></span> <span class='ocrx_word' id='word_1_2' title='bbox 2105 313 2287 420; x_wconf 14' lang='lat'><strong>5¹5⁵</strong></span> 
     </span>
    </p>
   </div>
   <div class='ocr_carea' id='block_1_2' title="bbox 218 507 2322 4146">
    <p class='ocr_par' dir='ltr' id='par_1_2' title="bbox 250 507 2295 1180">
     <span class='ocr_line' id='line_1_2' title="bbox 250 507 2287 610; baseline -0.002 -19"><span class='ocrx_word' id='word_1_3' title='bbox 250 526 374 591; x_wconf 81' lang='lat' dir='ltr'><strong>tot</strong></span> <span class='ocrx_word' id='word_1_4' title='bbox 434 509 882 590; x_wconf 75' lang='lat' dir='ltr'><strong>sententias,</strong></span> <span class='ocrx_word' id='word_1_5' title='bbox 915 507 1420 610; x_wconf 86' lang='lat' dir='ltr'><strong>protulerunt</strong></span> <span class='ocrx_word' id='word_1_6' title='bbox 1466 508 1943 605; x_wconf 85' lang='lat' dir='ltr'><strong>Phytotomi.</strong></span> <span class='ocrx_word' id='word_1_7' title='bbox 2054 509 2287 587; x_wconf 82' lang='lat' dir='ltr'><strong>Multi</strong></span> 
     </span>
     <span class='ocr_line' id='line_1_3' title="bbox 252 619 2292 706; baseline -0.001 -3"><span class='ocrx_word' id='word_1_8' title='bbox 252 624 762 706; x_wconf 81' lang='lat' dir='ltr'><strong>crediderunt</strong></span> <span class='ocrx_word' id='word_1_9' title='bbox 822 623 1122 700; x_wconf 87' lang='lat' dir='ltr'><strong>canales</strong></span> <span class='ocrx_word' id='word_1_10' title='bbox 1180 646 1345 699; x_wconf 90' lang='lat' dir='ltr'><strong>esse</strong></span> <span class='ocrx_word' id='word_1_11' title='bbox 1392 619 2065 699; x_wconf 78' lang='lat' dir='ltr'><strong>medullam&#39;cum</strong></span> <span class='ocrx_word' id='word_1_12' title='bbox 2120 649 2292 700; x_wconf 86' lang='lat' dir='ltr'><strong>cor-</strong></span> 
     </span>
     <span class='ocr_line' id='line_1_4' title="bbox 251 736 2292 838; baseline -0.001 -22"><span class='ocrx_word' id='word_1_13' title='bbox 251 741 403 816; x_wconf 87' lang='lat' dir='ltr'><strong>tice</strong></span> <span class='ocrx_word' id='word_1_14' title='bbox 477 738 1050 825; x_wconf 86' lang='lat' dir='ltr'><strong>combinantes,</strong></span> <span class='ocrx_word' id='word_1_15' title='bbox 1121 761 1167 814; x_wconf 88' lang='lat' dir='ltr'><strong>e</strong></span> <span class='ocrx_word' id='word_1_16' title='bbox 1210 738 1533 838; x_wconf 89' lang='lat' dir='ltr'><strong>·quibus</strong></span> <span class='ocrx_word' id='word_1_17' title='bbox 1604 752 1912 814; x_wconf 85' lang='lat' dir='ltr'><strong>tantum</strong></span> <span class='ocrx_word' id='word_1_18' title='bbox 1976 736 2292 814; x_wconf 83' lang='lat' dir='ltr'>adduco</span> 
     </span>
     <span class='ocr_line' id='line_1_5' title="bbox 256 852 2295 950; baseline -0.001 -20"><span class='ocrx_word' id='word_1_19' title='bbox 256 855 515 930; x_wconf 79' lang='lat' dir='ltr'><strong>Cotta·</strong></span> <span class='ocrx_word' id='word_1_20' title='bbox 555 852 1503 950; x_wconf 83' lang='lat' dir='ltr'><strong>(Naturheobachtungen</strong></span> <span class='ocrx_word' id='word_1_21' title='bbox 1575 854 1780 927; x_wconf 78' lang='lat' dir='ltr'><strong>iiber</strong></span> <span class='ocrx_word' id='word_1_22' title='bbox 1849 855 2295 949; x_wconf 82' lang='lat' dir='ltr'><strong>Bewegung</strong></span> 
     </span>
     <span class='ocr_line' id='line_1_6' title="bbox 252 963 2295 1054; baseline -0.001 -10"><span class='ocrx_word' id='word_1_23' title='bbox 252 993 332 1044; x_wconf 89' lang='lat' dir='ltr'><strong>u.</strong></span> <span class='ocrx_word' id='word_1_24' title='bbox 405 965 800 1044; x_wconf 82' lang='lat' dir='ltr'><strong>Function</strong></span> <span class='ocrx_word' id='word_1_25' title='bbox 872 963 1013 1040; x_wconf 91' lang='lat' dir='ltr'><strong>des</strong></span> <span class='ocrx_word' id='word_1_26' title='bbox 1088 964 1337 1042; x_wconf 83' lang='lat' dir='ltr'><strong>Sastes</strong></span> <span class='ocrx_word' id='word_1_27' title='bbox 1408 966 1495 1040; x_wconf 90' lang='lat' dir='ltr'><strong>in</strong></span> <span class='ocrx_word' id='word_1_28' title='bbox 1570 965 1724 1040; x_wconf 87' lang='lat' dir='ltr'><strong>den</strong></span> <span class='ocrx_word' id='word_1_29' title='bbox 1796 965 2295 1054; x_wconf 71' lang='lat' dir='ltr'><strong>Gewiichsen,</strong></span> 
     </span>
     <span class='ocr_line' id='line_1_7' title="bbox 255 1078 1817 1180; baseline -0.001 -24"><span class='ocrx_word' id='word_1_30' title='bbox 255 1107 321 1156; x_wconf 84' lang='lat' dir='ltr'><strong>v.</strong></span> <span class='ocrx_word' id='word_1_31' title='bbox 371 1084 465 1162; x_wconf 86' lang='lat' dir='ltr'><strong>H.</strong></span> <span class='ocrx_word' id='word_1_32' title='bbox 498 1081 797 1158; x_wconf 86' lang='lat' dir='ltr'><strong>Cotta.</strong></span> <span class='ocrx_word' id='word_1_33' title='bbox 835 1080 1205 1157; x_wconf 85' lang='lat' dir='ltr'><strong>Weimar</strong></span> <span class='ocrx_word' id='word_1_34' title='bbox 1251 1083 1460 1156; x_wconf 76' lang='lat'><strong>1806.</strong></span> <span class='ocrx_word' id='word_1_35' title='bbox 1505 1106 1581 1180; x_wconf 82' lang='lat' dir='ltr'><strong>p.</strong></span> <span class='ocrx_word' id='word_1_36' title='bbox 1635 1078 1817 1175; x_wconf 84' lang='lat'><strong>73..)</strong></span> 
     </span>
    </p>

    <p class='ocr_par' dir='ltr' id='par_1_3' title="bbox 258 1143 2298 1633">
     <span class='ocr_line' id='line_1_8' title="bbox 358 1143 2298 1293; baseline 0.001 -25"><span class='ocrx_word' id='word_1_37' title='bbox 358 1277 361 1278; x_wconf 9' lang='lat'><em>⁷</em></span> <span class='ocrx_word' id='word_1_38' title='bbox 450 1196 617 1269; x_wconf 72' lang='lat' dir='ltr'><strong>Hae</strong></span> <span class='ocrx_word' id='word_1_39' title='bbox 661 1206 864 1270; x_wconf 81' lang='lat' dir='ltr'><strong>sunt</strong></span> <span class='ocrx_word' id='word_1_40' title='bbox 924 1195 1432 1281; x_wconf 49' lang='lat' dir='ltr'><strong>mutatione&amp;</strong></span> <span class='ocrx_word' id='word_1_41' title='bbox 1498 1218 1691 1293; x_wconf 79' lang='lat' dir='ltr'><strong>quas</strong></span> <span class='ocrx_word' id='word_1_42' title='bbox 1770 1191 1983 1270; x_wconf 85' lang='lat' dir='ltr'><strong>subit</strong></span> <span class='ocrx_word' id='word_1_43' title='bbox 2056 1143 2298 1270; x_wconf 87' lang='lat' dir='ltr'><strong>caulis</strong></span> 
     </span>
     <span class='ocr_line' id='line_1_9' title="bbox 258 1306 2298 1439; baseline 0.001 -57"><span class='ocrx_word' id='word_1_44' title='bbox 258 1306 1063 1403; x_wconf 81' lang='lat' dir='ltr'><strong>Dicotyledonearum</strong></span> <span class='ocrx_word' id='word_1_45' title='bbox 1112 1308 1374 1439; x_wconf 82' lang='lat' dir='ltr'><strong>primo</strong></span> <span class='ocrx_word' id='word_1_46' title='bbox 1429 1332 1659 1384; x_wconf 89' lang='lat' dir='ltr'><strong>anno.</strong></span> <span class='ocrx_word' id='word_1_47' title='bbox 1760 1307 2084 1410; x_wconf 84' lang='lat' dir='ltr'><strong>Optime</strong></span> <span class='ocrx_word' id='word_1_48' title='bbox 2134 1333 2298 1385; x_wconf 86' lang='lat' dir='ltr'><strong>eas-·-</strong></span> 
     </span>
     <span class='ocr_line' id='line_1_10' title="bbox 262 1419 2298 1521; baseline 0.001 -25"><span class='ocrx_word' id='word_1_49' title='bbox 262 1419 966 1521; x_wconf 33' lang='lat' dir='ltr'><strong>demfconspicere</strong></span> <span class='ocrx_word' id='word_1_50' title='bbox 1001 1422 1201 1498; x_wconf 63' lang='lat' dir='ltr'><strong>elicet</strong></span> <span class='ocrx_word' id='word_1_51' title='bbox 1260 1422 1345 1497; x_wconf 89' lang='lat' dir='ltr'><strong>in</strong></span> <span class='ocrx_word' id='word_1_52' title='bbox 1410 1421 1652 1497; x_wconf 87' lang='lat' dir='ltr'><strong>ramis</strong></span> <span class='ocrx_word' id='word_1_53' title='bbox 1710 1421 1966 1498; x_wconf 91' lang='lat' dir='ltr'><strong>modo</strong></span> <span class='ocrx_word' id='word_1_54' title='bbox 2052 1423 2298 1499; x_wconf 86' lang='lat' dir='ltr'><strong>enatis</strong></span> 
     </span>
     <span class='ocr_line' id='line_1_11' title="bbox 259 1531 2254 1633; baseline 0.002 -26"><span class='ocrx_word' id='word_1_55' title='bbox 259 1534 797 1633; x_wconf 86' lang='lat' dir='ltr'><strong>comparando</strong></span> <span class='ocrx_word' id='word_1_56' title='bbox 850 1560 1037 1612; x_wconf 89' lang='lat' dir='ltr'><strong>cum</strong></span> <span class='ocrx_word' id='word_1_57' title='bbox 1067 1535 1307 1611; x_wconf 85' lang='lat' dir='ltr'><strong>ramis</strong></span> <span class='ocrx_word' id='word_1_58' title='bbox 1342 1534 1625 1611; x_wconf 88' lang='lat' dir='ltr'><strong>adultis</strong></span> <span class='ocrx_word' id='word_1_59' title='bbox 1660 1531 2015 1630; x_wconf 85' lang='lat' dir='ltr'><strong>ejusdem</strong></span> <span class='ocrx_word' id='word_1_60' title='bbox 2050 1537 2254 1611; x_wconf 87' lang='lat' dir='ltr'><strong>anni.</strong></span> 
     </span>
    </p>

    <p class='ocr_par' dir='ltr' id='par_1_4' title="bbox 255 1649 2312 2295">
     <span class='ocr_line' id='line_1_12' title="bbox 451 1649 2300 1749; baseline 0.001 -26"><span class='ocrx_word' id='word_1_61' title='bbox 451 1650 923 1749; x_wconf 86' lang='lat' dir='ltr'><strong>Exemplum</strong></span> <span class='ocrx_word' id='word_1_62' title='bbox 972 1650 1217 1724; x_wconf 88' lang='lat' dir='ltr'><strong>sumsi</strong></span> <span class='ocrx_word' id='word_1_63' title='bbox 1268 1673 1361 1725; x_wconf 83' lang='lat' dir='ltr'><strong>ex</strong></span> <span class='ocrx_word' id='word_1_64' title='bbox 1409 1649 1710 1723; x_wconf 87' lang='lat' dir='ltr'><strong>arbore.</strong></span> <span class='ocrx_word' id='word_1_65' title='bbox 1804 1651 1898 1723; x_wconf 91' lang='lat' dir='ltr'><strong>In</strong></span> <span class='ocrx_word' id='word_1_66' title='bbox 1947 1649 2300 1725; x_wconf 89' lang='lat' dir='ltr'><strong>caulibus</strong></span> 
     </span>
     <span class='ocr_line' id='line_1_13' title="bbox 255 1760 2312 1847; baseline 0.001 -12"><span class='ocrx_word' id='word_1_67' title='bbox 255 1760 662 1840; x_wconf 88' lang='lat' dir='ltr'><strong>herbaceis</strong></span> <span class='ocrx_word' id='word_1_68' title='bbox 711 1763 987 1838; x_wconf 90' lang='lat' dir='ltr'><strong>similis</strong></span> <span class='ocrx_word' id='word_1_69' title='bbox 1037 1778 1150 1839; x_wconf 89' lang='lat' dir='ltr'><strong>est</strong></span> <span class='ocrx_word' id='word_1_70' title='bbox 1179 1761 1548 1847; x_wconf 77' lang='lat' dir='ltr'><strong>mutati03</strong></span> <span class='ocrx_word' id='word_1_71' title='bbox 1595 1760 1831 1838; x_wconf 86' lang='lat' dir='ltr'><strong>video</strong></span> <span class='ocrx_word' id='word_1_72' title='bbox 1863 1775 2131 1838; x_wconf 81' lang='lat' dir='ltr'><strong>tamen</strong></span> <span class='ocrx_word' id='word_1_73' title='bbox 2168 1788 2312 1838; x_wconf 59' lang='lat' dir='ltr'><strong>an-</strong></span> 
     </span>
     <span class='ocr_line' id='line_1_14' title="bbox 258 1871 2302 1979; baseline 0.003 -32"><span class='ocrx_word' id='word_1_74' title='bbox 258 1874 551 1950; x_wconf 80' lang='lat' dir='ltr'><strong>nulum</strong></span> <span class='ocrx_word' id='word_1_75' title='bbox 624 1876 804 1956; x_wconf 87' lang='lat' dir='ltr'>libri</span> <span class='ocrx_word' id='word_1_76' title='bbox 875 1878 961 1951; x_wconf 90' lang='lat' dir='ltr'><strong>in</strong></span> <span class='ocrx_word' id='word_1_77' title='bbox 1033 1877 1297 1979; x_wconf 80' lang='lat' dir='ltr'><strong>planta</strong></span> <span class='ocrx_word' id='word_1_78' title='bbox 1368 1873 1681 1973; x_wconf 88' lang='lat' dir='ltr'><strong>juniore</strong></span> <span class='ocrx_word' id='word_1_79' title='bbox 1743 1871 2059 1972; x_wconf 85' lang='lat' dir='ltr'><strong>jamjam</strong></span> <span class='ocrx_word' id='word_1_80' title='bbox 2105 1877 2302 1953; x_wconf 89' lang='lat' dir='ltr'><strong>inte-</strong></span> 
     </span>
     <span class='ocr_line' id='line_1_15' title="bbox 258 1988 2306 2093; baseline 0.002 -30"><span class='ocrx_word' id='word_1_81' title='bbox 258 2007 528 2084; x_wconf 83' lang='lat' dir='ltr'><strong>grum,</strong></span> <span class='ocrx_word' id='word_1_82' title='bbox 579 2016 1066 2093; x_wconf 87' lang='lat' dir='ltr'><strong>quamquam</strong></span> <span class='ocrx_word' id='word_1_83' title='bbox 1113 1988 1461 2066; x_wconf 81' lang='lat' dir='ltr'><strong>fasciculi</strong></span> <span class='ocrx_word' id='word_1_84' title='bbox 1508 1988 1745 2086; x_wconf 84' lang='lat' dir='ltr'><strong>lignei</strong></span> <span class='ocrx_word' id='word_1_85' title='bbox 1796 1989 2055 2066; x_wconf 90' lang='lat' dir='ltr'><strong>adhuc</strong></span> <span class='ocrx_word' id='word_1_86' title='bbox 2087 2015 2306 2092; x_wconf 89' lang='lat' dir='ltr'><strong>sepa-</strong></span> 
     </span>
     <span class='ocr_line' id='line_1_16' title="bbox 257 2101 2306 2206; baseline 0.003 -32"><span class='ocrx_word' id='word_1_87' title='bbox 257 2101 407 2176; x_wconf 86' lang='lat' dir='ltr'><strong>rati</strong></span> <span class='ocrx_word' id='word_1_88' title='bbox 454 2101 764 2191; x_wconf 86' lang='lat' dir='ltr'><strong>fuerint,</strong></span> <span class='ocrx_word' id='word_1_89' title='bbox 816 2104 1041 2205; x_wconf 87' lang='lat' dir='ltr'><strong>quod</strong></span> <span class='ocrx_word' id='word_1_90' title='bbox 1086 2104 1172 2181; x_wconf 91' lang='lat' dir='ltr'><strong>in</strong></span> <span class='ocrx_word' id='word_1_91' title='bbox 1207 2103 1624 2180; x_wconf 81' lang='lat' dir='ltr'><strong>arboribus</strong></span> <span class='ocrx_word' id='word_1_92' title='bbox 1656 2102 2048 2206; x_wconf 86' lang='lat' dir='ltr'><strong>plerisque</strong></span> <span class='ocrx_word' id='word_1_93' title='bbox 2083 2105 2306 2181; x_wconf 86' lang='lat' dir='ltr'><strong>aliter</strong></span> 
     </span>
     <span class='ocr_line' id='line_1_17' title="bbox 261 2216 1885 2305; baseline 0.003 -17"><span class='ocrx_word' id='word_1_94' title='bbox 261 2236 432 2290; x_wconf 88' lang='lat' dir='ltr'><strong>sese</strong></span> <span class='ocrx_word' id='word_1_95' title='bbox 492 2216 762 2305; x_wconf 84' lang='lat' dir='ltr'><strong>hahet,</strong></span> <span class='ocrx_word' id='word_1_96' title='bbox 798 2218 967 2293; x_wconf 88' lang='lat' dir='ltr'><strong>ubi</strong></span> <span class='ocrx_word' id='word_1_97' title='bbox 1020 2218 1358 2295; x_wconf 85' lang='lat' dir='ltr'><strong>annulus</strong></span> <span class='ocrx_word' id='word_1_98' title='bbox 1407 2218 1553 2294; x_wconf 86' lang='lat' dir='ltr'><strong>iste</strong></span> <span class='ocrx_word' id='word_1_99' title='bbox 1604 2216 1885 2295; x_wconf 87' lang='lat' dir='ltr'><strong>deficit.</strong></span> 
     </span>
    </p>

    <p class='ocr_par' dir='ltr' id='par_1_5' title="bbox 260 2331 2310 3343">
     <span class='ocr_line' id='line_1_18' title="bbox 455 2331 2307 2435; baseline 0.002 -28"><span class='ocrx_word' id='word_1_100' title='bbox 455 2332 549 2407; x_wconf 87' lang='lat' dir='ltr'><strong>In</strong></span> <span class='ocrx_word' id='word_1_101' title='bbox 613 2332 1027 2410; x_wconf 83' lang='lat' dir='ltr'><strong>arboribus</strong></span> <span class='ocrx_word' id='word_1_102' title='bbox 1092 2331 1515 2435; x_wconf 78' lang='lat' dir='ltr'><strong>quotannis</strong></span> <span class='ocrx_word' id='word_1_103' title='bbox 1587 2357 1892 2410; x_wconf 88' lang='lat' dir='ltr'><strong>novum</strong></span> <span class='ocrx_word' id='word_1_104' title='bbox 1960 2334 2307 2413; x_wconf 86' lang='lat' dir='ltr'><strong>exoritur</strong></span> 
     </span>
     <span class='ocr_line' id='line_1_19' title="bbox 261 2441 2307 2550; baseline 0.004 -33"><span class='ocrx_word' id='word_1_105' title='bbox 261 2441 458 2539; x_wconf 83' lang='lat' dir='ltr'><strong>ligni</strong></span> <span class='ocrx_word' id='word_1_106' title='bbox 524 2458 869 2525; x_wconf 81' lang='lat' dir='ltr'><strong>stratum.</strong></span> <span class='ocrx_word' id='word_1_107' title='bbox 979 2448 1461 2524; x_wconf 81' lang='lat' dir='ltr'><strong>Dubitarunt</strong></span> <span class='ocrx_word' id='word_1_108' title='bbox 1518 2446 1805 2523; x_wconf 86' lang='lat' dir='ltr'><strong>harum</strong></span> <span class='ocrx_word' id='word_1_109' title='bbox 1849 2473 2124 2524; x_wconf 90' lang='lat' dir='ltr'><strong>rerum</strong></span> <span class='ocrx_word' id='word_1_110' title='bbox 2171 2473 2307 2550; x_wconf 86' lang='lat' dir='ltr'><strong>pe·-</strong></span> 
     </span>
     <span class='ocr_line' id='line_1_20' title="bbox 260 2555 2307 2661; baseline 0.003 -30"><span class='ocrx_word' id='word_1_111' title='bbox 260 2555 431 2642; x_wconf 82' lang='lat' dir='ltr'><strong>riti,</strong></span> <span class='ocrx_word' id='word_1_112' title='bbox 506 2582 605 2632; x_wconf 88' lang='lat' dir='ltr'><strong>an</strong></span> <span class='ocrx_word' id='word_1_113' title='bbox 679 2563 1100 2661; x_wconf 81' lang='lat' dir='ltr'><strong>quotannis</strong></span> <span class='ocrx_word' id='word_1_114' title='bbox 1168 2575 1611 2661; x_wconf 83' lang='lat' dir='ltr'><strong>apponatur</strong></span> <span class='ocrx_word' id='word_1_115' title='bbox 1672 2570 2002 2638; x_wconf 75' lang='lat' dir='ltr'><strong>stratum</strong></span> <span class='ocrx_word' id='word_1_116' title='bbox 2069 2575 2144 2638; x_wconf 88' lang='lat' dir='ltr'><strong>et</strong></span> <span class='ocrx_word' id='word_1_117' title='bbox 2208 2588 2307 2638; x_wconf 85' lang='lat' dir='ltr'><strong>an</strong></span> 
     </span>
     <span class='ocr_line' id='line_1_21' title="bbox 265 2673 2309 2775; baseline 0.001 -26"><span class='ocrx_word' id='word_1_118' title='bbox 265 2673 995 2769; x_wconf 79' lang='lat' dir='ltr'><strong>quotannis-unum</strong></span> <span class='ocrx_word' id='word_1_119' title='bbox 1049 2676 1614 2751; x_wconf 84' lang='lat' dir='ltr'><strong>tantummodo</strong></span> <span class='ocrx_word' id='word_1_120' title='bbox 1650 2691 2092 2775; x_wconf 87' lang='lat' dir='ltr'><strong>apponatur</strong></span> <span class='ocrx_word' id='word_1_121' title='bbox 2122 2690 2309 2751; x_wconf 85' lang='lat' dir='ltr'><strong>stra-</strong></span> 
     </span>
     <span class='ocr_line' id='line_1_22' title="bbox 265 2785 2310 2886; baseline 0.002 -28"><span class='ocrx_word' id='word_1_122' title='bbox 265 2798 469 2859; x_wconf 83' lang='lat' dir='ltr'><strong>tum.</strong></span> <span class='ocrx_word' id='word_1_123' title='bbox 586 2785 742 2865; x_wconf 87' lang='lat' dir='ltr'><strong>Sed</strong></span> <span class='ocrx_word' id='word_1_124' title='bbox 794 2789 1244 2864; x_wconf 90' lang='lat' dir='ltr'><strong>Schoberus</strong></span> <span class='ocrx_word' id='word_1_125' title='bbox 1298 2789 1383 2862; x_wconf 91' lang='lat' dir='ltr'><strong>in</strong></span> <span class='ocrx_word' id='word_1_126' title='bbox 1433 2788 1647 2864; x_wconf 90' lang='lat' dir='ltr'><strong>Pinis</strong></span> <span class='ocrx_word' id='word_1_127' title='bbox 1695 2813 1866 2863; x_wconf 90' lang='lat' dir='ltr'><strong>rem</strong></span> <span class='ocrx_word' id='word_1_128' title='bbox 1914 2785 2071 2886; x_wconf 85' lang='lat' dir='ltr'><strong>jam</strong></span> <span class='ocrx_word' id='word_1_129' title='bbox 2122 2812 2310 2863; x_wconf 88' lang='lat' dir='ltr'><strong>con·-</strong></span> 
     </span>
     <span class='ocr_line' id='line_1_23' title="bbox 266 2895 2308 3002; baseline 0.003 -30"><span class='ocrx_word' id='word_1_130' title='bbox 266 2895 613 2975; x_wconf 78' lang='lat' dir='ltr'><strong>firmavit</strong></span> <span class='ocrx_word' id='word_1_131' title='bbox 693 2902 1165 3000; x_wconf 85' lang='lat' dir='ltr'><strong>(Hamburg.</strong></span> <span class='ocrx_word' id='word_1_132' title='bbox 1236 2907 1527 2997; x_wconf 86' lang='lat' dir='ltr'><strong>Magaz.</strong></span> <span class='ocrx_word' id='word_1_133' title='bbox 1603 2907 1691 2976; x_wconf 90' lang='lat' dir='ltr'><strong>T.</strong></span> <span class='ocrx_word' id='word_1_134' title='bbox 1753 2906 1877 2977; x_wconf 91' lang='lat' dir='ltr'><strong>XI.</strong></span> <span class='ocrx_word' id='word_1_135' title='bbox 1954 2928 2027 3002; x_wconf 87' lang='lat' dir='ltr'><strong>p.</strong></span> <span class='ocrx_word' id='word_1_136' title='bbox 2090 2902 2308 2999; x_wconf 76' lang='lat'><strong>590.)</strong></span> 
     </span>
     <span class='ocr_line' id='line_1_24' title="bbox 274 3014 2313 3117; baseline -0.002 -22"><span class='ocrx_word' id='word_1_137' title='bbox 274 3026 356 3095; x_wconf 73' lang='lat' dir='ltr'><strong>et</strong></span> <span class='ocrx_word' id='word_1_138' title='bbox 408 3014 573 3095; x_wconf 85' lang='lat' dir='ltr'><strong>vidi</strong></span> <span class='ocrx_word' id='word_1_139' title='bbox 622 3016 708 3090; x_wconf 90' lang='lat' dir='ltr'><strong>in</strong></span> <span class='ocrx_word' id='word_1_140' title='bbox 755 3016 1025 3105; x_wconf 76' lang='lat' dir='ltr'><strong>ramiS,</strong></span> <span class='ocrx_word' id='word_1_141' title='bbox 1064 3022 1454 3117; x_wconf 85' lang='lat' dir='ltr'><strong>quorum.</strong></span> <span class='ocrx_word' id='word_1_142' title='bbox 1485 3014 2130 3115; x_wconf 82' lang='lat' dir='ltr'><strong>prolongationes</strong></span> <span class='ocrx_word' id='word_1_143' title='bbox 2179 3039 2313 3090; x_wconf 86' lang='lat' dir='ltr'><strong>an-</strong></span> 
     </span>
     <span class='ocr_line' id='line_1_25' title="bbox 272 3127 2313 3263; baseline 0.001 -63"><span class='ocrx_word' id='word_1_144' title='bbox 272 3149 482 3207; x_wconf 72' lang='lat' dir='ltr'><strong>nuae</strong></span> <span class='ocrx_word' id='word_1_145' title='bbox 557 3127 915 3227; x_wconf 80' lang='lat' dir='ltr'><strong>dignosci</strong></span> <span class='ocrx_word' id='word_1_146' title='bbox 986 3138 1388 3231; x_wconf 85' lang='lat' dir='ltr'><strong>poterant,</strong></span> <span class='ocrx_word' id='word_1_147' title='bbox 1469 3152 1785 3263; x_wconf 83' lang='lat' dir='ltr'><strong>semper</strong></span> <span class='ocrx_word' id='word_1_148' title='bbox 1859 3143 1982 3223; x_wconf 82' lang='lat' dir='ltr'><strong>tot</strong></span> <span class='ocrx_word' id='word_1_149' title='bbox 2062 3142 2313 3217; x_wconf 82' lang='lat' dir='ltr'><strong>strata,</strong></span> 
     </span>
     <span class='ocr_line' id='line_1_26' title="bbox 274 3242 2098 3343; baseline 0.007 -27"><span class='ocrx_word' id='word_1_150' title='bbox 274 3255 479 3341; x_wconf 84' lang='lat' dir='ltr'><strong>quot</strong></span> <span class='ocrx_word' id='word_1_151' title='bbox 521 3242 1195 3343; x_wconf 83' lang='lat' dir='ltr'><strong>prolongationes.</strong></span> <span class='ocrx_word' id='word_1_152' title='bbox 2067 3276 2098 3279; x_wconf 66' lang='grc'><strong>·’</strong></span> 
     </span>
    </p>

    <p class='ocr_par' dir='ltr' id='par_1_6' title="bbox 218 3358 2322 4146">
     <span class='ocr_line' id='line_1_27' title="bbox 470 3358 2317 3457; baseline 0.002 -24"><span class='ocrx_word' id='word_1_153' title='bbox 470 3360 822 3436; x_wconf 78' lang='lat' dir='ltr'><strong>Stratum</strong></span> <span class='ocrx_word' id='word_1_154' title='bbox 856 3359 1126 3436; x_wconf 83' lang='lat' dir='ltr'><strong>istud</strong></span> <span class='ocrx_word' id='word_1_155' title='bbox 1155 3359 1362 3435; x_wconf 87' lang='lat' dir='ltr'><strong>inter</strong></span> <span class='ocrx_word' id='word_1_156' title='bbox 1425 3358 1797 3434; x_wconf 84' lang='lat' dir='ltr'><strong>corticem</strong></span> <span class='ocrx_word' id='word_1_157' title='bbox 1862 3371 1938 3434; x_wconf 88' lang='lat' dir='ltr'><strong>et</strong></span> <span class='ocrx_word' id='word_1_158' title='bbox 2006 3358 2317 3457; x_wconf 80' lang='lat' dir='ltr'><strong>lignum</strong></span> 
     </span>
     <span class='ocr_line' id='line_1_28' title="bbox 272 3450 2316 3570; baseline 0.003 -26"><span class='ocrx_word' id='word_1_159' title='bbox 272 3450 812 3570; x_wconf 76' lang='lat' dir='ltr'><strong>praecedentis</strong></span> <span class='ocrx_word' id='word_1_160' title='bbox 861 3474 1045 3548; x_wconf 86' lang='lat' dir='ltr'><strong>anni</strong></span> <span class='ocrx_word' id='word_1_161' title='bbox 1086 3471 1424 3549; x_wconf 86' lang='lat' dir='ltr'><strong>formari</strong></span> <span class='ocrx_word' id='word_1_162' title='bbox 1474 3495 1754 3548; x_wconf 88' lang='lat' dir='ltr'><strong>omnes</strong></span> <span class='ocrx_word' id='word_1_163' title='bbox 1797 3474 2316 3550; x_wconf 87' lang='lat' dir='ltr'><strong>consentiunt.</strong></span> 
     </span>
     <span class='ocr_line' id='line_1_29' title="bbox 218 3586 2317 3678; baseline 0.002 -18"><span class='ocrx_word' id='word_1_164' title='bbox 218 3593 223 3598; x_wconf 85' lang='grc'><strong>’</strong></span> <span class='ocrx_word' id='word_1_165' title='bbox 278 3586 854 3678; x_wconf 80' lang='lat' dir='ltr'><strong>Quaesiverunt</strong></span> <span class='ocrx_word' id='word_1_166' title='bbox 898 3610 1107 3675; x_wconf 84' lang='lat' dir='ltr'><strong>vero,</strong></span> <span class='ocrx_word' id='word_1_167' title='bbox 1159 3611 1259 3663; x_wconf 88' lang='lat' dir='ltr'><strong>an</strong></span> <span class='ocrx_word' id='word_1_168' title='bbox 1307 3600 1636 3662; x_wconf 85' lang='lat' dir='ltr'><strong>stratum</strong></span> <span class='ocrx_word' id='word_1_169' title='bbox 1686 3610 1730 3661; x_wconf 97' lang='lat' dir='ltr'><strong>e</strong></span> <span class='ocrx_word' id='word_1_170' title='bbox 1780 3589 2067 3664; x_wconf 86' lang='lat' dir='ltr'><strong>cortice</strong></span> <span class='ocrx_word' id='word_1_171' title='bbox 2118 3590 2317 3664; x_wconf 88' lang='lat' dir='ltr'><strong>oria-</strong></span> 
     </span>
     <span class='ocr_line' id='line_1_30' title="bbox 274 3701 2320 3802; baseline 0 -31"><span class='ocrx_word' id='word_1_172' title='bbox 274 3707 425 3785; x_wconf 84' lang='lat' dir='ltr'><strong>tur,</strong></span> <span class='ocrx_word' id='word_1_173' title='bbox 476 3723 576 3773; x_wconf 89' lang='lat' dir='ltr'><strong>an</strong></span> <span class='ocrx_word' id='word_1_174' title='bbox 630 3724 720 3775; x_wconf 84' lang='lat' dir='ltr'><strong>ex</strong></span> <span class='ocrx_word' id='word_1_175' title='bbox 765 3701 1006 3798; x_wconf 80' lang='lat' dir='ltr'><strong>ligno.</strong></span> <span class='ocrx_word' id='word_1_176' title='bbox 1113 3704 1318 3777; x_wconf 87' lang='lat' dir='ltr'><strong>Rem</strong></span> <span class='ocrx_word' id='word_1_177' title='bbox 1369 3701 1671 3801; x_wconf 90' lang='lat' dir='ltr'><strong>optime</strong></span> <span class='ocrx_word' id='word_1_178' title='bbox 1705 3704 2082 3802; x_wconf 82' lang='lat' dir='ltr'><strong>exposuit,</strong></span> <span class='ocrx_word' id='word_1_179' title='bbox 2111 3702 2320 3778; x_wconf 66' lang='lat' dir='ltr'><strong>mul·-</strong></span> 
     </span>
     <span class='ocr_line' id='line_1_31' title="bbox 277 3811 2319 3915; baseline 0 -26"><span class='ocrx_word' id='word_1_180' title='bbox 277 3811 539 3913; x_wconf 81' lang='lat' dir='ltr'><strong>tisque</strong></span> <span class='ocrx_word' id='word_1_181' title='bbox 588 3815 1136 3915; x_wconf 84' lang='lat' dir='ltr'><strong>experimentis</strong></span> <span class='ocrx_word' id='word_1_182' title='bbox 1183 3814 1592 3891; x_wconf 82' lang='lat' dir='ltr'><strong>illustravit</strong></span> <span class='ocrx_word' id='word_1_183' title='bbox 1638 3818 1771 3891; x_wconf 89' lang='lat' dir='ltr'><strong>Du</strong></span> <span class='ocrx_word' id='word_1_184' title='bbox 1817 3814 2102 3891; x_wconf 72' lang='lat' dir='ltr'><strong>Hamel-</strong></span> <span class='ocrx_word' id='word_1_185' title='bbox 2147 3818 2319 3913; x_wconf 91' lang='lat' dir='ltr'><strong>(Ph.</strong></span> 
     </span>
     <span class='ocr_line' id='line_1_32' title="bbox 283 3922 2322 4030; baseline 0.004 -32"><span class='ocrx_word' id='word_1_186' title='bbox 283 3922 357 3999; x_wconf 87' lang='lat' dir='ltr'><strong>d.</strong></span> <span class='ocrx_word' id='word_1_187' title='bbox 404 3951 482 4003; x_wconf 84' lang='lat' dir='ltr'><strong>··a.</strong></span> <span class='ocrx_word' id='word_1_188' title='bbox 545 3933 626 4005; x_wconf 89' lang='lat' dir='ltr'><strong>L.</strong></span> <span class='ocrx_word' id='word_1_189' title='bbox 708 3931 774 4005; x_wconf 90' lang='grc'><strong>4.</strong></span> <span class='ocrx_word' id='word_1_190' title='bbox 854 3928 974 4007; x_wconf 81' lang='lat' dir='ltr'><strong>ch.</strong></span> <span class='ocrx_word' id='word_1_191' title='bbox 1045 3934 1116 4027; x_wconf 64' lang='lat'><strong>3?</strong></span> <span class='ocrx_word' id='word_1_192' title='bbox 1194 3933 1327 4005; x_wconf 75' lang='lat' dir='ltr'><strong>art.</strong></span> <span class='ocrx_word' id='word_1_193' title='bbox 1397 3930 1452 4003; x_wconf 82' lang='lat'><strong>2</strong></span> <span class='ocrx_word' id='word_1_194' title='bbox 1479 3930 1534 4025; x_wconf 87' lang='grc'><strong>)·.</strong></span> <span class='ocrx_word' id='word_1_195' title='bbox 1655 3928 2077 4006; x_wconf 83' lang='lat' dir='ltr'><strong>Maximam</strong></span> <span class='ocrx_word' id='word_1_196' title='bbox 2148 3955 2322 4030; x_wconf 82' lang='lat' dir='ltr'><strong>par-</strong></span> 
     </span>
     <span class='ocr_line' id='line_1_33' title="bbox 281 4041 2320 4146; baseline 0.003 -30"><span class='ocrx_word' id='word_1_197' title='bbox 281 4051 445 4116; x_wconf 76' lang='lat' dir='ltr'><strong>tem·</strong></span> <span class='ocrx_word' id='word_1_198' title='bbox 528 4043 739 4120; x_wconf 81' lang='lat' dir='ltr'><strong>strati</strong></span> <span class='ocrx_word' id='word_1_199' title='bbox 826 4066 893 4121; x_wconf 69' lang='grc' dir='ltr'><strong>ε’</strong></span> <span class='ocrx_word' id='word_1_200' title='bbox 952 4043 1241 4122; x_wconf 65' lang='lat' dir='ltr'><strong>confice</strong></span> <span class='ocrx_word' id='word_1_201' title='bbox 1310 4041 1657 4146; x_wconf 83' lang='lat' dir='ltr'><strong>produci</strong></span> <span class='ocrx_word' id='word_1_202' title='bbox 1729 4041 1955 4131; x_wconf 84' lang='lat' dir='ltr'><strong>vidit,</strong></span> <span class='ocrx_word' id='word_1_203' title='bbox 2037 4057 2117 4121; x_wconf 86' lang='lat' dir='ltr'><strong>et</strong></span> <span class='ocrx_word' id='word_1_204' title='bbox 2173 4068 2320 4144; x_wconf 82' lang='lat' dir='ltr'><strong>ego</strong></span> 
     </span>
    </p>
   </div>
  </div>
 </body>
</html>
