2843 4800
1103 182 1118 193 ο
1165 154 1204 182 ρ
1253 146 1261 154 .

946 303 1569 387 FRUCTUs.
1726 355 1731 360 -
1957 245 2304 437 ‘7337

254 513 443 592 Vice
504 531 721 585 versa
787 521 924 585 aut
988 533 1412 585 carnosum
1470 443 1611 595 fit,
1661 521 1796 583 aut
1842 503 2303 601 sarinosum,

257 641 390 706 aut
439 623 1054 720 cartilagineum.

445 738 932 839 Plerumque
984 736 1503 833 embryonem
1568 734 1838 833 cingit,
1898 736 2307 824 interdum

250 869 343 931 ut
412 854 497 931 in
577 849 1087 927 Graminibus
1161 848 1578 946 embryoni
1655 850 2106 951 appositum
2173 865 2304 926 est.

254 965 649 1065 Singulari
698 963 952 1042 modo
1006 963 1527 1059 embryonem
1588 964 1675 1038 in
1736 962 2051 1061 juniore
2100 964 2304 1064 peri-

256 1081 604 1183 spermio
670 1079 1154 1180 appositum,
1217 1091 1394 1152 tum
1457 1078 1659 1154 intra
1719 1079 1988 1179 ipsum
2066 1094 2305 1155 retra-

195 1209 199 1220 “
256 1209 474 1271 ctum
568 1207 650 1269 et
741 1194 1087 1268 cinctum
1183 1191 1622 1266 observavit
1698 1191 2140 1269 Dutrochet
2219 1193 2303 1267 in

253 1314 468 1406 Fago
533 1306 885 1404 sylvatica
948 1303 1042 1402 (l.
1111 1329 1170 1379 c.
1217 1331 1293 1405 p.
1340 1304 1574 1400 297.)
1684 1306 2303 1408 Perispermium

252 1423 672 1508 inclusum,
740 1444 925 1494 cum
990 1418 1315 1515 embryo
1382 1418 1920 1519 periphericus
1971 1433 2101 1509 est,
2156 1418 2304 1494 dif-

256 1534 407 1610 fert
467 1532 761 1609 cellulis
825 1532 1154 1607 minutis
1214 1532 1311 1606 ab
1377 1532 1532 1607 alio
1597 1532 1844 1618 simul,
1895 1548 2300 1631 praesente

260 1663 337 1723 et
370 1637 886 1744 embryonem
921 1645 1299 1743 cingente,
1344 1660 1520 1722 tum
1554 1671 1740 1721 vero
1779 1661 2300 1724 evanescente.

256 1765 705 1862 Utrumque
755 1759 957 1834 inter
1007 1784 1087 1834 se
1140 1783 1588 1861 connexum
1641 1783 1807 1835 esse
1853 1775 2078 1861 putat
2114 1767 2302 1838 Tre-

254 1877 572 1952 viranus
644 1875 729 1949 in
806 1873 1091 1970 analysi
1157 1874 1480 1948 seminis
1540 1873 1919 1950 Mirabilis
1978 1876 2304 1976 Ialapae.

252 1988 831 2066 Placentarium
927 1985 1491 2086 (placentaire)
1566 2002 1793 2062 vocat
1864 1990 2304 2066 Dutrochet

255 2118 330 2179 et
377 2129 417 2180 a
472 2101 992 2203 perispermio
1047 2100 1457 2197 distinguit
1506 2097 1594 2197 (l.
1646 2125 1705 2176 c.
1755 2128 1828 2202 p.
1876 2102 2110 2199 264).

442 2215 792 2315 Ruppia,
852 2215 1415 2312 Potamogiton
1498 2227 1573 2288 et
1634 2214 1934 2292 adfines
2008 2216 2306 2304 habent

255 2327 822 2431 corpusculum
903 2327 1515 2428 sphaeroideum
1600 2351 1786 2406 cum
1869 2332 2304 2430 embryone

255 2457 724 2527 connatum;
769 2442 1001 2516 initio
1064 2441 1555 2531 cellulosum,
1614 2459 1790 2520 tum
1840 2445 2301 2526 farinosum.

257 2561 643 2633 Gaertner
721 2554 1078 2630 vitellum
1151 2556 1513 2644 vocabat,
1599 2559 1783 2656 quia
1867 2584 2052 2635 cum
2138 2586 2303 2637 em-

254 2672 563 2769 bryone
630 2683 1062 2746 connatum
1123 2693 1268 2744 nec
1333 2668 1483 2769 ipsi
1551 2669 1929 2743 adnatum
1981 2686 2121 2759 est,
2170 2672 2304 2747 Ri-

256 2783 503 2861 chard
568 2784 668 2861 ad
732 2782 1167 2859 radiculam
1230 2782 1500 2870 refert,
1577 2781 2047 2858 Treviranus
2112 2808 2310 2863 vero·

254 2897 752 3001 perispermii
842 2921 1006 2972 esse
1089 2897 1433 2997 speciem
1515 2894 1910 2982 adfirmat,
1995 2896 2310 2997 optimo

254 3011 462 3110 jure,
525 3027 618 3087 ut
675 3010 875 3087 mihi
943 3010 1272 3111 quidem
1333 3006 1661 3085 videtur.
1771 3009 1902 3084 Nil
1952 3033 2136 3083 sane
2185 3035 2306 3083 re-

256 3126 442 3211 fert,
512 3125 736 3224 quod
798 3126 882 3199 in
931 3125 1216 3226 plantis
1265 3123 1519 3213 modo
1573 3120 1796 3198 dictis
1845 3145 2090 3205 nexus
2141 3146 2304 3199 ma-

258 3238 376 3336 gis
454 3249 708 3310 arctus
790 3238 920 3326 sit,
987 3265 1173 3316 cum
1236 3238 1321 3314 in
1385 3236 1732 3334 vulgatis
1775 3236 2307 3336 perispermiis

259 3363 379 3426 sat
445 3362 701 3424 arctus
765 3374 930 3428 esse
994 3355 1305 3440 debeat,
1384 3353 1678 3453 quippe
1741 3373 1942 3451 quae
1995 3350 2090 3424 ab
2145 3374 2306 3425 em-

212 3516 215 3519 *
256 3466 568 3561 bryone
619 3464 1103 3559 germinante
1158 3466 1846 3547 exhauriuntur..
1971 3514 1978 3543 ;
2019 3504 2026 3531 .-
2071 3502 2144 3549 ,;-

453 3580 832 3652 Formam
909 3578 1146 3652 habet
1216 3579 1499 3665 semini
1574 3578 2045 3679 plerumque
2121 3604 2307 3666 con-

256 3690 629 3780 formem.
743 3690 1155 3766 Interdum
1218 3690 1555 3767 laminae
1620 3716 1709 3767 ex
1755 3694 2303 3789 integumento

260 3805 584 3883 seminis
634 3817 1038 3881 transeunt
1081 3806 1706 3907 perispermium,
1754 3805 1972 3882 unde
2013 3806 2310 3882 ..discre-

256 3934 437 3994 tum
510 3917 671 4007 fit,
707 3934 800 3995 ut
854 3924 951 4013 ‘in
1026 3924 1363 3997 Annona
1425 3922 1874 4019 (Gaertner
1911 3919 2306 4009 rimosum

259 4031 530 4129 vocat)
629 4048 765 4128 aut
844 4034 1385 4129 ruminatum,
1447 4033 1744 4135 ,quod
1797 4033 2303 4127 inextricabili
