2843 4800
543 349 694 424 sss
1209 318 1945 423 vitem-Arm.

546 541 980 621 scendatve.
1112 548 1384 621 Motus
1442 537 1712 644 itaque
1759 563 2006 635 ‚verus
2065 538 2633 618 circulatorius

544 682 715 736 non
768 672 900 734 est.
940 703 945 710 ·
1091 647 1099 656 ’
1373 667 1378 672 ’

739 777 917 851 Huc
977 770 1239 852 refero
1313 785 1585 849 motus
1630 772 1720 847 in
1769 770 2117 870 granulis
2182 766 2628 848 conferva-

546 914 732 966 rum
790 888 1186 963 variarum
1253 914 1295 962 a
1362 887 1497 963 cel.
1567 879 2000 962 Trevirano
2050 879 2261 961 'visos
2314 887 2625 984 (Beytr.

546 1029 611 1080 z.
685 1001 1394 1103 Pflanzenphysiol.
1470 1028 1544 1103 Ρ.
1607 1000 1812 1098 ’73.),’
1898 1000 2236 1102 qualem·
2286 1013 2364 1076 et
2423 1022 2623 1097 ·eg0,

544 1130 1038 1194 monstrante
1077 1115 1240 1192 ·cel.
1301 1116 1766 1210 Ehrenberg
1821 1112 1924 1187 in
1996 1111 2287 1213 fungo,
2364 1137 2622 1215 quem

547 1231 736 1308 hine
812 1223 1379 1331 Sporodini'am
1465 1227 1657 1316 dixi,
1745 1229 2172 1305 observavi.
2306 1231 2623 1306 Omnes

549 1346 798 1431 succi,
877 1342 1099 1419 dum=
1141 1344 1405 1444 planta
1469 1344 1677 1442 viget
1725 1367 1893 1419 non
1947 1345 2397 1445 quiescunt,
2473 1339 2625 1417 sed

547 1472 820 1535 motus
904 1457 1390 1534 necessarius
1470 1455 1786 1532 videtur
1859 1465 1951 1533 ut
2011 1457 2264 1555 vigeat
2325 1456 2619 1559 planta.

547 1573 938 1651 Videmus
1001 1596 1330 1673 quoque
1394 1596 1723 1648 succum
1789 1573 1894 1646 in·
1923 1596 2103 1648 vase
2152 1567 2613 1669 sanguifero

549 1689 658 1764 sic
730 1686 941 1763 dicto
993 1687 1483 1762 insectorum
1533 1696 1896 1773 motum,‘
1936 1687 2299 1788 quamvis
2367 1684 2619 1761 exitus

548 1827 717 1877 non
768 1802 1069 1877 habeat.
1169 1803 1309 1877 Est
1358 1815 1628 1877 motus
1680 1800 2127 1877 fluidorum
2195 1824 2619 1877 summum

550 1930 627 1992 et
691 1914 1070 1992 ultimum
1129 1916 1746 2003 irritamentum,
1808 1937 1974 2017 quo
2042 1928 2412 2058 cessante
2461 1914 2620 1989 vita

552 2044 834 2118 cessat,
884 2030 1066 2105 licet
1111 2030 1414 2105 restitui
1466 2030 1733 2130 possit.
1807 2063 1810 2068 ·
1855 2050 1863 2062 '
1917 2051 1924 2084 ³
1975 2049 2008 2056 ·’

702 2143 1263 2243 Disputatum
1314 2156 1430 2219 est
1484 2143 1695 2217 inter
1760 2135 1996 2218 viros
2017 2142 2356 2230 doctos,
2411 2166 2620 2243 quo-

546 2282 739 2333 nam
835 2255 1091 2331 modo
1189 2279 1472 2332 succus
1567 2256 1654 2330 in
1734 2258 2023 2358 plantis
2103 2251 2619 2359 propellatur.

546 2370 700 2450 Alii
769 2367 1330 2471 expansionem
1393 2372 1854 2473 praesertim
1903 2372 2306 2449 bullarum
2357 2376 2619 2448 aerea-

546 2509 734 2563 rum
802 2482 1084 2583 (Hales
1148 2487 1411 2583 Veget.
1480 2489 1661 2561 Stat.
1728 2487 1845 2562 ch.
1894 2488 2049 2584 2.),
2103 2487 2229 2563 alii
2278 2487 2442 2561 vim
2487 2499 2621 2563 tu·

550 2599 941 2675 bulorum
1011 2598 1540 2700 capillariam,
1569 2592 1728 2675 ‘alii
1792 2600 2138 2675 similem
2187 2601 2621 2698 hygrosco·

548 2714 811 2817 picam
863 2714 1298 2812 (Senebier
1342 2713 1684 2811 Physiol.
1734 2728 1974 2810 veget.
2013 2708 2116 2790 '1'1
2169 2718 2234 2792 4.
2288 2742 2358 2816 p.
2411 2716 2617 2813 137.)

551 2853 871 2906 causam
946 2852 1116 2905 esse
1190 2827 1639 2905 voluerunt.
1770 2830 1869 2903 At
1950 2848 2041 2902 ex
2118 2830 2616 2960 ‘Euphor-biis

551 2967 834 3020 succus
897 2966 1067 3018 non
1132 2942 1402 3018 minus
1471 2941 1754 3028 effluit,
1821 2945 2179 3041 quamvis
2229 2944 2448 3025 calor
2499 2945 2621 3020 di-

549 3060 993 3143 minuatur,
1054 3070 1135 3131 et
1192 3079 1468 3130 rursus
1534 3052 1819 3142 effluit,
1882 3057 2110 3156 quod
2182 3058 2308 3131 vix
2381 3078 2452 3135 e
2491 3054 2630 3133 'tu--

526 3172 675 3247 -bis
754 3168 1252 3271 capillaribus
1312 3166 1487 3244 fieri
1551 3168 1828 3269 potest.
1939 3170 2096 3246 ‘Alii
2143 3171 2447 3273 itaque,
2496 3173 2614 3248 uti
2741 3170 2744 3175 ⁴

549 3308 703 3361 van
779 3289 1100 3361 Marum
1181 3282 1426 3380 (DisS.
1503 3281 1603 3358 de
1676 3294 1910 3357 motu
1943 3278 1948 3281 ’
1981 3284 2433 3363 fluidorum
2523 3287 2611 3360 in

551 3395 857 3498 plantiS.
942 3396 1322 3492 Groning.
1374 3394 1670 3492 1773),
1717 3392 2215 3496 Bragmanns
2268 3415 2345 3476 et
2396 3403 2614 3478 Cou-

555 3508 697 3586 lon
748 3509 994 3609 (Diss
1047 3508 1149 3584 de
1195 3521 1497 3587 mutata
1544 3510 1988 3587 humorum
2035 3514 2125 3588 in
2171 3538 2423 3612 reguo
2483 3540 2618 3591 or-

551 3624 831 3723 ganico
894 3622 1172 3700 indole
1232 3648 1278 3698 a
1338 3625 1415 3700 vi
1473 3623 1686 3700 vitali
1735 3651 2110 3702 vasorum
2162 3627 2616 3715 derivanda,

551 3736 799 3840 quam
868 3762 985 3838 pr.
1054 3740 1554 3835 Brugmanns
1626 3762 1689 3812 e.
1754 3764 1818 3815 e.
1881 3765 1939 3815 s.
2005 3740 2331 3818 Goulon
2394 3745 2478 3817 L.
2527 3743 2613 3816 B.

554 3856 765 3936 1789.
837 3877 913 3953 p.
965 3850 1163 3949 12),
1235 3850 1446 3928 Rafn
1510 3852 1923 3949 (Entwurf
1983 3855 2133 3929 ein.
2197 3855 2614 3931 Pflanzen-

550 3963 993 4067 physiolog.
1056 3966 1119 4062 §.
1169 3968 1285 4042 79.
1345 3964 1511 4061 8⁰.)
1564 3966 1667 4041 ad
1714 3968 2314 4045 irritabilitatem
2377 3993 2608 4044 vaso-

550 4101 738 4154 rum
782 4076 1230 4155 'retulerunt
1273 4076 1719 4156 humorum
1765 4096 2104 4159 motum.
2215 4086 2319 4161 At
2365 4107 2609 4159 num-
