2843 4800
579 347 679 422 58
1312 422 1317 427 ,
1391 341 1827 427 FORMA.

574 543 1031 649 superficies
1095 566 1281 622 cum
1347 545 1820 627 staminibus
1865 546 2221 633 internae
2268 553 2500 630 seriei
2554 568 2635 633 et

571 660 878 764 pistillis
943 658 1348 748 alternant,
1401 661 1667 759 anguli
1718 686 1907 741 vero
1951 658 2244 742 viisdem
2279 670 2628 770 oppositi

569 787 774 851 sunt
881 772 1195 850 Eodem
1252 773 1510 851 modo
1586 798 1757 852 sese
1803 762 2102 856 habent
2149 777 2422 857 Trillia
2471 782 2626 858 nisi

568 876 823 993 ‘quod
875 892 1133 991 'partes
1216 908 1530 965 omnes
1582 902 1860 966 ternae
1931 890 2117 981 sint,
2200 914 2348 970 nec
2431 920 2625 997 qua-

562 1019 852 1082 ternae.
1985 1057 1990 1061 -

753 1121 848 1195 In
924 1114 1303 1194 omnibus
1376 1115 1592 1194 aliis
1615 1116 1917 1219 plantis,
1983 1132 2245 1221 partes
2325 1119 2619 1199 eodem

559 1231 817 1310 modo
854 1230 1288 1333 ‘dispositas
1333 1232 1706 1332 invenieS,
1755 1230 1897 1307 sed
1948 1232 2336 1311 dimotas.r
2387 1235 2470 1311 Si
2513 1236 2618 1312 -li-

552 1352 746 1426 'n'eas
812 1343 1054 1423 caulis
1116 1346 1557 1424 eminentes
1618 1370 1960 1448 sequens
2019 1347 2210 1424 folia
2249 1347 2423 1424 'sibi
2476 1348 2617 1426 ad-

552 1458 937 1548 moveriS,
1001 1460 1352 1537 invenies
1403 1464 1572 1538 esse
1619 1460 2100 1550 verticillata,
2149 1475 2232 1538 et
2277 1461 2614 1564 quidem

551 1590 793 1666 terna,
844 1589 1249 1711 quaterna,
1292 1576 1558 1679 quina,
1607 1589 1744 1651 aut
1773 1574 1896 1652 bis
1928 1589 2170 1666 terna,
2209 1589 2612 1678 quaterna,

426 1700 427 1703 ’
552 1693 911 1795 quinave.
2519 1757 2526 1763 .

548 1808 585 1823 ”
744 1806 830 1883 Si
890 1828 1081 1882 vero
1132 1801 1532 1904 ejusmodi
1575 1801 2002 1880 verticillos
2049 1802 2416 1905 proxime
2459 1830 2611 1906 po-

538 1919 738 1998 sitos
782 1918 1453 2037 consideraveris,
1505 1922 1820 2020 semper
1870 1915 2339 1993 alternantes
2386 1918 2607 1995 inve-‘-

540 2033 747 2122 nieS‚
805 2033 913 2108 ita
974 2047 1068 2108 ut
1124 2057 1305 2136 pars
1366 2032 1802 2136 superioris
1860 2026 2212 2107 verticilli
2291 2032 2607 2132 partein

532 2131 939 2222 inferioris
987 2166 1168 2222 non
1205 2160 1431 2246 tegat.
1532 2145 1692 2222 Sed
1739 2145 1948 2220 inter
1977 2143 2394 2221 verticillos
2426 2168 2605 2221 non

539 2260 689 2335 sibi
739 2261 1184 2361 proximoS,
1237 2287 1298 2337 e.
1349 2285 1416 2360 g.
1467 2260 1675 2337 inter
1720 2250 2076 2391 primum
2129 2271 2216 2334 et
2250 2258 2599 2348 tertium,

536 2373 984 2451 secundum
1051 2389 1128 2453 et
1190 2390 1562 2478 quartum
1580 2436 1599 2465 ‚
1680 2368 2003 2453 tertiti'm
2079 2386 2155 2450 et
2220 2372 2596 2474 quintum
2689 2417 2706 2420 ἡ

537 2486 935 2587 ejusmodi
982 2491 1258 2568 relatio
1312 2481 1455 2579 est,
1516 2504 1609 2566 ut
1652 2511 1835 2591 pars
1884 2487 2313 2596 mperioris
2362 2488 2593 2572 verti-.-

536 2602 690 2679 cilli
740 2618 1046 2705 partem
1094 2605 1494 2683 inferioris
1544 2615 1769 2702 tegat.
1857 2607 2442 2706 ,Haecquoque
2476 2615 2594 2677 est

521 2729 763 2794 *causa
831 2744 974 2794 cur
1036 2722 1368 2796 stamina
1421 2719 1697 2818 calycis
1747 2719 2171 2817 segmentis
2224 2723 2586 2824 opposita

527 2833 703 2921 sint,
755 2858 940 2909 cum
991 2835 1335 2912 corollae
1385 2833 1808 2933 seg-mentis
1844 2833 2243 2908 alternent.
2322 2836 2404 2909 Si
2450 2837 2586 2910 ali-

523 2961 647 3023 ter
709 2947 1016 3037 accidit,
1078 2963 1271 3026 tunc
1334 2963 1473 3026 aut
1516 2974 1699 3025 vera
1749 2945 2021 3022 deficis
2063 2945 2396 3036 corolla,
2446 2964 2589 3026 aut
2717 2943 2736 2952 ’

522 3062 806 3138 extima
858 3064 1299 3140 staminum
1338 3062 1596 3140 series.
2055 3083 2066 3092 ’

718 3183 943 3274 Quae
1008 3177 1211 3254 dicta
1276 3181 1496 3263 sunt,
1577 3171 1682 3247 de
1744 3170 2122 3271 partibus
2145 3181 2242 3249 e'x
2294 3173 2579 3256 eadem

502 3315 830 3390 gemma
862 3290 1214 3395 pronatis
1241 3284 1806 3366 tantummodo
1838 3284 1992 3361 diei
2016 3295 2373 3388 possum,
2399 3307 2570 3367 non

416 3454 422 3459 -
500 3406 617 3483 de
665 3407 1020 3510 partibus
1073 3429 1116 3479 e
1162 3404 1394 3480 variis
1412 3437 1421 3447 ⁴
1439 3400 1778 3500 gemmis
1825 3402 2199 3503 promtis.
2302 3408 2559 3498 Quae-

494 3521 628 3596 ·vis
710 3520 928 3604 enim
1009 3538 1339 3618 gemma·
1404 3514 1842 3618 plantulam
1871 3516 2312 3619 ”propriam
2371 3541 2571 3594 con*-

498 3634 789 3723 stituit,
841 3658 884 3711 e
931 3643 1257 3735 parente
1303 3646 1714 3734 tamquam
1766 3654 1826 3709 e
1853 3630 2054 3707 solo.
2075 3641 2538 3754 proflatam.

507 3793 711 3892 37.
777 3789 1233 3888 Partium
1301 3811 1400 3888 et
1461 3795 2346 3960 h51100P¹³ssssssssfflssm
2410 3828 2564 3888 va-

550 3963 561 4030 }
631 3919 924 4030 riatio
1000 3937 1109 4028 in
1186 3939 1550 4054 majori
1633 3939 2212 4098 minoriqne
2296 3945 2564 4060 expli

620 4083 974 4170 catione
1034 4076 1391 4199 posita
1430 4090 1602 4169 est.
