2843 4800
400 418 415 441 f.
521 361 621 471 34
1088 416 1091 425 .
1171 347 1926 433 s'rnuc‘rnRA.

524 563 740 658 trage
792 580 854 633 z.
902 550 1695 633 Pssanzenanatomie.
1745 543 1935 624 Hest
1980 549 2048 622 3.
2098 568 2171 644 p.
2222 547 2388 644 49.)
2438 568 2586 622 nec

526 697 697 757 non
746 671 1048 749 Aubert
1095 668 1213 746 du
1258 666 1463 746 Petit
1506 663 1880 767 Thouars
1931 662 2190 762 (Essai
2241 686 2381 738 sur
2402 661 2584 739 1⁹01·-

530 787 847 890 ganisat.
895 796 1138 881 veget.
1186 786 1355 860 Par.
1407 782 1620 857 1809.
1666 806 1740 880 p.
1794 777 2026 875 148..)

721 897 1308 977 Moldenhauer
1376 896 1465 971 in
1540 895 1790 996 capite
1840 893 1942 969 de
2005 892 2218 968 tubis
2268 889 2589 967 fibrosis

534 1019 833 1116 (Beytr.
907 1037 971 1087 c.
1047 1017 1114 1087 1.
1188 1009 1453 1111 seqq.)
1527 1009 1736 1085 bene
1811 1006 2182 1083 describit
2242 1022 2319 1083 at
2365 1006 2591 1082 fibris

534 1153 958 1217 connexas,
1041 1126 1161 1203 uti
1246 1112 1571 1200 cellulae
1650 1097 2310 1224 parenchymatis,
2395 1146 2594 1223 quas

536 1269 708 1322 non
790 1242 1027 1318 video
1079 1238 1341 1316 fibras
1460 1240 1735 1314 Kieser
1808 1237 2180 1336 (Phytot.
2233 1264 2306 1338 p.
2376 1237 2596 1334 209.)

535 1385 713 1436 vasa
779 1356 1077 1432 fibrosa
1128 1368 1205 1430 et
1251 1353 1494 1429 tubos
1542 1351 2169 1431 Moldenhaueri
2203 1351 2304 1430 ad
2351 1349 2600 1429 telam·

539 1470 1003 1552 cellulosam
1051 1467 1307 1546 refert.

541 1677 690 1769 53.
822 1671 1254 1790 Semper
1355 1664 1839 1787 simplicia
1960 1680 2223 1770 sunt,
2316 1666 2609 1758 fasci-

670 1813 1033 1913 culata,
1136 1808 1647 1900 rarissime
1745 1821 2065 1911 reeta,
2170 1805 2351 1899 sed
2428 1806 2609 1900 fle·

556 1982 567 2018 2
664 1980 1008 2053 xuosa3
1084 1950 1415 2041 variae
1493 1933 2140 2064 longitudinis
2217 1963 2318 2041 et
2400 1979 2609 2041 am·

519 2099 526 2104 ’
668 2088 1210 2213 plitudinis.
1315 2098 1321 2106 ’

747 2266 960 2342 Cum
1012 2263 1625 2340 extremitatibus
1675 2262 1824 2339 sibi
1876 2265 2229 2367 apposita
2280 2265 2452 2353 sint,
2486 2290 2615 2341 ra·-

550 2404 783 2461 mosa
866 2377 1115 2454 videri
1197 2393 1569 2480 possunt,
1668 2393 1745 2456 at
1824 2393 2180 2457 accurate
2260 2380 2614 2483 inspecta

552 2520 871 2596 semper
919 2493 1298 2595 simplicia
1349 2493 1873 2596 reperiuntur.

747 2608 897 2687 Vix
969 2632 1140 2682 non
1214 2633 1532 2710 semper
1598 2607 2074 2704 fasciculata,
2164 2635 2620 2714 numquam

556 2721 722 2828 fere
772 2722 1114 2800 solitaria
1164 2748 1309 2823 per
1354 2723 1885 2824 parenchyma
1932 2739 2393 2826 prorepunt.

749 2837 1228 2939 Saepissime
1289 2838 1631 2939 implexa
1682 2853 1886 2926 sunt,
1944 2839 2049 2914 ita
2109 2853 2201 2914 ut
2247 2841 2621 2939 ipsorum

558 2949 992 3034 decursum
1051 2977 1196 3054 per
1256 2965 1510 3031 totam
1572 2950 2156 3052 longitudinem
2205 2976 2375 3027 non
2426 2980 2624 3031 con-

558 3067 870 3170 spiciaS,
920 3066 1063 3144 sed
1113 3068 1448 3145 alterum
1494 3091 1712 3169 pone
1764 3067 2099 3142 alterum
2148 3091 2316 3142 sese
2353 3071 2624 3146 occul-

559 3195 791 3270 tans„
843 3182 1408 3284 prodiensque'.
1534 3179 1691 3256 Cfr.
1772 3185 1888 3254 Τ..
1924 3186 1988 3255 1.
2050 3178 2099 3256 f.
2162 3184 2233 3258 2.
2301 3206 2344 3257 e
2406 3183 2621 3261 libro

558 3296 741 3393 Pyri
789 3296 998 3371 Mali.
1106 3303 1259 3372 Per
1304 3295 1523 3371 hunc
1570 3292 2008 3394 implexum
2053 3321 2280 3382 ‚areae
2334 3298 2626 3375 oblon-

560 3431 703 3508 gae
750 3407 1232 3494 formantur,
1272 3431 1479 3510 quas
1525 3409 2055 3509 parenchyma
2105 3435 2335 3513 saepe
2387 3437 2627 3489 occu-

558 3535 695 3626 pat
744 3527 835 3599 T.
887 3527 949 3597 1.
1002 3521 1052 3597 f.
1106 3527 1221 3600 13.
1273 3547 1364 3599 ex
1413 3521 1706 3598 eodem
1755 3523 1983 3601 libro.

756 3636 1249 3733 Longissima
1306 3651 1505 3712 sunt
1567 3651 1645 3714 et
1690 3639 1986 3714 tenacia
2037 3640 2124 3714 in
2159 3641 2395 3717 caule
2442 3640 2624 3716 Lini

560 3750 1084 3838 usitatissimi,
1139 3751 1553 3840 Cannabis,
1607 3751 2102 3853 aliarumque
2150 3754 2625 3855 plantarum,

564 3889 771 3968 quae
837 3865 950 3950 -ad
1011 3864 1266 3941 lintea
1336 3866 1532 3942 inde
1611 3866 2148 3967 praeparanda
2243 3868 2628 3943 adhiben-

562 3993 715 4057 tur.
852 3980 1382 4058 Maceratione
1474 3982 2003 4083 parenchyma
2080 3982 2624 4058 intermixtum

565 4092 1029 4180 destruitur,
1109 4095 1213 4172 ita
1280 4108 1405 4171 ut·
1441 4120 1727 4172 eorum
1801 4093 2074 4195 plexus
2136 4094 2442 4171 facilius
2508 4095 2626 4171 di-

560 4207 743 4284 rimi
826 4209 1152 4309 possint.
1302 4213 1367 4286 A
1452 4207 2060 4310 parenchymate
2143 4206 2464 4284 liberata
2551 4224 2626 4283 et
