2843 4800
408 328 653 437 ·aem
812 297 869 480 *¹
1242 329 1822 458 FRUdTns

642 571 645 576 ’
705 558 788 636 Si
895 557 1167 661 diplois
1248 558 1450 634 circa
1532 555 2066 633 loculamenta
2145 553 2574 658 induratur

500 701 830 779 pyrenae
902 675 1274 750 oriuntur
1347 698 1389 748 a
1465 672 1903 748 seminibus
1978 672 2225 748 osseis
2311 675 2571 776 probe

513 785 1136 886 distinguendae.
1246 784 1652 863 Differunt
1716 812 1757 862 a
1810 787 2250 863 seminibus
2298 810 2576 889 super-

511 900 690 977 ficie
758 901 1174 990 exteriore,
1234 901 1706 1013 neutiquam
1765 899 2169 1000 laevigata,
2236 901 2379 977 sed
2426 928 2578 1005 po-

388 1095 395 1096 .
511 1016 669 1091 tius
719 1013 1263 1096 scabriuscula
1319 1039 1525 1118 quae
1575 1039 1906 1118 quoque
1953 1015 2039 1091 in
2091 1014 2369 1117 drupis
2406 1016 2578 1096 fere

513 1152 827 1231 semper
888 1130 1319 1217 invenitur,
1384 1143 1463 1205 et
1516 1141 1846 1206 testatur
1912 1129 2340 1207 discrimen
2413 1131 2578 1234 pri-

425 1266 432 1282 ‘
515 1246 885 1322 mitivum
958 1245 1166 1320 inter
1236 1256 1619 1345 putamen
1692 1256 1855 1319 tam
1942 1242 2243 1345 drupae
2327 1270 2577 1348 quam

515 1384 995 1463 pyrenarum
1054 1380 1227 1434 non
1286 1353 1552 1432 fuisse.
1676 1344 1915 1432 Tum
1956 1357 2158 1436 nulli
2222 1358 2575 1436 fasciculi

513 1474 800 1573 lignosi
899 1447 1363 1550 funiculos
1416 1468 1854 1546 formantes
1953 1473 2575 1574 conspiciuntur,

385 1631 393 1638 ·
513 1613 854 1691 pyrenae
923 1587 1237 1673 adnexi,
1302 1575 1445 1661 sed
1513 1583 1665 1660 soli
1730 1586 1943 1660 carni
2029 1586 2290 1663 adnati
2368 1604 2578 1666 sunt.

515 1706 739 1779 Intus
811 1727 1000 1779 vero
1083 1696 1493 1777 interdum
1531 1783 1539 1789 ἱ
1573 1696 2027 1776 funiculum
2122 1701 2580 1792 ostendunt,

518 1817 653 1894 cui
711 1840 985 1894 semen
1052 1815 1455 1914 alligatum
1492 1829 1651 1912 vest.
1763 1813 2020 1890 Facile
2082 1813 2581 1914 distinguun-

498 1947 650 2007 'tur
699 1931 1125 2018 asemine,
1189 1930 1254 2005 si
1303 1931 1389 2005 in
1437 1929 1666 2032 plura
1715 1927 2260 2007 loculamenta
2314 1931 2580 2021 divisa,

520 2045 632 2122 ob
695 2042 1022 2147 diploen
1087 2043 1288 2122 circa
1338 2041 1527 2119 ‘duo
1592 2041 1920 2145 plurave
1968 2044 2206 2119 simul
2255 2046 2582 2123 indura-

519 2169 717 2246 tam,
779 2173 915 2235 aut
975 2157 1041 2233 si
1096 2156 1402 2233 semina
1449 2161 1730 2232 testam
1778 2156 2078 2234 habent
2125 2157 2580 2247 coloratam,

519 2270 735 2372 ipsae
782 2296 971 2349 vero
1025 2270 1439 2347 decolores
1489 2284 1724 2347 sunt..
1789 2272 2580 2374 Habemus'pericir-

519 2385 649 2488 pia
685 2383 767 2461 di
770 2385 1286 2488 -polypyrena
1321 2385 1671 2485 (Gaertn.
1707 2383 1808 2463 de
1844 2384 1935 2462 fr.
1975 2413 2050 2489 p.
2082 2388 2538 2487 LXXXVI..)

712 2502 807 2577 In
874 2500 1465 2580 Cucurbitaceis
1528 2499 1762 2577 variis
1820 2499 2065 2577 loculi
2129 2500 2380 2605 spurii
2455 2526 2576 2579 re-

520 2611 1164 2715 periuntur.1n
1225 2604 1810 2714 Colocynthide
1876 2612 2338 2718 praesertim
2409 2642 2576 2691 ma-

521 2726 781 2804 nifesti
845 2742 1066 2820 sunt,
1130 2730 1440 2832 magni,
1489 2727 1956 2828 irregulares
2005 2754 2278 2806 versus
2327 2729 2578 2832 parie-

519 2857 634 2917 tes
681 2818 987 2921 fructus
1032 2845 1308 2947 positi,
1356 2829 1662 2921 semina
1711 2843 2206 2920 continentes
2252 2843 2341 2919 in
2403 2843 2575 2945 qui-

519 2954 672 3033 bus
739 2955 907 3033 duo
973 2969 1284 3035 tantum
1331 2958 1882 3058 integumenta
1918 2957 2191 3046 video,
2242 2958 2576 3035 exterius

521 3095 874 3164 crassum
973 3086 1051 3148 et
1146 3071 1485 3162 durum,
1537 3072 1544 3077 ’
1593 3072 1925 3148 interius
2032 3070 2577 3148 tenuissimam

520 3185 1104 3273 membranam,
1177 3187 1241 3262 si
1309 3186 1640 3287 excipias
1704 3185 2087 3261 extimum
2150 3184 2577 3260 indumen-

519 3310 698 3373 tum
775 3297 1234 3403 pulposum.
1378 3302 1474 3377 In
1560 3298 1982 3376 Cucurbita
2060 3322 2253 3376 vero
2333 3297 2577 3374 loculi

521 3410 771 3513 spurii
850 3411 937 3487 in
1018 3410 1344 3488 seminis
1423 3411 2063 3510 integumentum
2154 3414 2578 3516 proprium

519 3524 920 3601 transiisse
967 3525 1357 3616 videntur,
1411 3527 1637 3628 quasi
1686 3526 2245 3616 bivalvaceum,
2281 3529 2581 3631 quippe

452 3636 457 3645 ’
520 3637 750 3742 quod
796 3639 1154 3739 margine
1204 3639 1523 3718 tumido
1573 3655 1845 3720 sutura
1882 3641 2249 3723 distincto
2284 3668 2582 3720 nexum

521 3754 869 3831 duarum
915 3754 1574 3833 membranarum
1617 3754 1969 3837 indicare
2016 3755 2348 3843 videtur.
2425 3759 2583 3835 Cu-

521 3866 1001 3945 curbitaceas
1083 3867 1379 3945 habere
1452 3868 1764 3945 loculos
1839 3870 2155 3972 spurios*
2233 3870 2584 3950 Richard

520 3982 709 4078 (An.
777 3980 851 4056 d.
916 3981 1010 4057 fr.
1075 4009 1149 4083 p.
1203 3981 1363 4081 16.)
1412 3983 1785 4061 brevibus
1833 3984 2163 4072 indicat,
2225 3985 2583 4062 Trevira-

460 4181 461 4186 Ν
520 4119 675 4172 nus
704 4119 894 4174 vero
930 4097 1056 4194 (V.
1090 4096 1798 4196 d.'Entwickelung
1830 4095 1904 4174 d.
1933 4097 2288 4197 Embryo
2321 4126 2397 4201 p.
2427 4100 2580 4197 66.)
