2843 4800
574 255 725 400 »δ’
1088 392 1091 400 ,
1227 307 1981 391 ετΒυοΤυΒΑ

445 486 448 489 ’
586 507 916 586 branam
964 529 1342 607 porosam
1391 508 1641 616 serius
1692 507 1883 585 oriri
1935 524 2012 587 et
2044 508 2366 588 duobus
2395 533 2627 616 saepe

566 622 783 699 ,vasis
834 635 1353 698 communem
1404 645 1571 698 esse
1613 622 1735 722 (p.
1789 626 2021 722 126.).
2069 665 2076 676 ·

706 777 709 780 ·
774 739 975 812 Vasa
1024 760 1325 836 porosa*
1363 762 1545 814 vera
1602 735 1899 816 indicat
1953 738 2628 817 Mold-enhauerus

585 849 875 950 (Beytr.
938 878 1013 952 p.
1076 853 1286 946 289.)
1352 852 1438 926 in
1497 851 1730 927 Pinis.
1848 852 2008 928 Sed
2057 854 2380 932 cellulae
2427 856 2627 934 mihi

565 963 982 1050 ‚videntum
1035 962 1136 1039 de
1187 965 1481 1064 quibus
1532 965 1688 1040 dixi
1739 967 1799 1062 ἓ.
1845 971 1914 1044 8.
1977 1049 1980 1052 ,

688 1163 691 1168 ,
769 1082 865 1154 In
915 1078 1138 1157 Ulice
1186 1102 1365 1155 vasa
1413 1080 1729 1179 spiralia.
1772 1082 1895 1157 vix
1944 1084 2234 1160 mutari
2282 1099 2493 1162 recte
2528 1087 2631 1162 ait

571 1191 850 1270 Kieser
898 1191 1246 1290 (Phytot.
1293 1219 1370 1295 p.
1421 1196 1652 1293 147.).

574 1471 739 1572 69.
802 1441 805 1444 Ἴ
853 1471 1124 1559 Vasa
1173 1476 1648 1563 annularz'a
1712 1501 1765 1562 e
1829 1472 2421 1568 tubulorum
2466 1509 2628 1570 an·

695 1608 958 1699 nulis
1018 1607 1429 1725 integris
1495 1625 1994 1720 constant*
2024 1618 2628 1714 membrana

569 1813 583 1820 -
695 1749 1201 1841 connexis·

767 1974 1082 2062 Primus
1164 1972 1362 2048 vidit
1431 1975 1672 2051 Babel
1747 1978 2214 2079 (Sprengel)
2278 1984 2362 2059 in
2425 1987 2623 2064 Diss.

573 2086 707 2167 de
720 2088 1052 2185 gramin.
1103 2101 1508 2164 structura.
1589 2090 1756 2166 Hal.
1794 2096 2006 2170 1803.
2055 2110 2132 2171 et
2183 2098 2370 2173 Tab.
2394 2103 2468 2175 2.
2505 2128 2625 2178 ex-

567 2200 852 2288 hibuit.
965 2205 1181 2276 Tum
1249 2201 1657 2303 descripsit
1713 2191 2197 2288 Bernhardi
2214 2212 2300 2286 in
2355 2238 2622 2316 opus-

565 2313 789 2390 culo·
839 2315 1103 2393 Ueber
1149 2315 1810 2415 Pssanzengefasse
1858 2348 1936 2397 u.
1989 2325 2164 2400 eine
2213 2350 2417 2402 neue
2482 2334 2624 2407 Art

564 2428 1364 2507 derselben.Erfi1rt
1423 2437 1666 2509 1805.
1748 2437 1961 2513 Oriri
2029 2465 2071 2515 e
2131 2441 2328 2516 vasis
2377 2443 2623 2544 spira-

563 2541 775 2655 libus
838 2543 1416 2643 interruptione
1476 2547 1645 2647 ipse
1713 2549 1909 2629 olim
1994 2553 2149 2630 dixi
2235 2559 2617 2653 (Grundl.

562 2650 637 2758 p.
683 2657 875 2751 61..)
982 2657 1394 2735 Accedunt
1425 2663 1868 2764 Rudolphi
1944 2668 2208 2763 (Anat.
2261 2698 2333 2771 p.
2388 2677 2616 2772 198),

562 2769 946 2871 Sprengel
996 2773 1117 2867 (V.
1164 2775 1334 2849 Bau
1367 2801 1457 2876 Ρ.
1493 2780 1653 2855 147.
1657 2780 1720 2876 )
1739 2793 1817 2855 et
1876 2785 2333 2881 nuperrime
2393 2787 2615 2864 idem

562 2883 883 2979 (Anleit.
958 2910 1021 2960 z.
1095 2890 1433 2964 Kenntn.
1511 2889 1586 2966 d.
1662 2897 1873 2969 Gew.
1935 2893 2077 2969 Ed.
2154 2898 2221 2969 2.
2287 2923 2360 2996 Ρ.
2427 2906 2612 3001 33.·.)

548 3001 974 3088 Naturam,
1023 3026 1256 3100 ,quae
1319 3007 1718 3094 creaverit,
1779 3031 1947 3080 non
2006 3033 2415 3110 rumpere,
2468 3041 2614 3093 nec

554 3110 1146 3211 respiciendum
1196 3141 1364 3193 esse
1413 3119 1530 3203 ad,
1564 3119 1767 3193 hanc
1797 3120 2295 3213 sententiam,
2344 3126 2429 3201 in
2469 3133 2612 3209 So-

553 3222 714 3308 ⁴lani
777 3227 1133 3302 tuberosi
1197 3230 1437 3307 ramis
1477 3231 1654 3307 ‘cito
1721 3235 2036 3325 excretis
2101 3263 2270 3317 non
2337 3242 2610 3321 adesse

558 3335 878 3421 Schultz
932 3340 1129 3434 (Die
1175 3342 1935 3423 Natur<d.Pssanze.
2008 3353 2604 3434 Berl.1823.1.

552 3476 628 3551 p.
676 3454 912 3551 425..)
1024 3457 1124 3530 At
1184 3455 1387 3531 alma
1447 3472 1700 3538 mater
1762 3478 2217 3543 contextum
2284 3471 2607 3549 cellulo-

551 3587 736 3667 sum
793 3566 881 3642 in
946 3565 1323 3644 fistulosis
1387 3566 1775 3651 caulibus
1799 3602 2119 3691 semper
2178 3585 2484 3685 rumpit
2533 3600 2608 3661 et

551 3661 794 3766 caulis
828 3681 1212 3780 perennis
1250 3690 1689 3783 quotannis
1730 3694 1953 3793 perit,
2002 3710 2079 3770 et
2110 3697 2397 3774 abortu
2427 3725 2605 3801 per-

548 3815 779 3893 saepe
816 3810 1263 3882 nascuntur
1306 3798 1738 3881 liberi..

553 3983 559 3993 ,
632 3935 639 3943 ·
735 3907 942 3985 Male
1004 3912 1401 4012 exposuit,
1470 3932 1547 3994 et
1612 3943 1820 4020 quae
1880 3920 1980 4003 de
2030 3881 2158 3999 his
2208 3925 2600 4027 disputata

543 4032 767 4109 erant
810 4020 1024 4101 inter
1081 4029 1526 4111 Germanos
1585 4033 1820 4136 plane
1857 4035 2255 4136 ignoravit
2301 4039 2600 4173 Palisot
