2843 4800
1024 375 1503 454 ΡιΑΝΤΑ.
1823 316 1827 322 ’
2067 374 2090 441 ,“
2192 383 2288 460 21
2419 463 2424 469 ,

427 570 752 674 Corpus
834 594 1021 648 vero
1094 573 1560 671 organicum
1634 574 2026 676 quamdiu
2103 579 2289 656 vivit

237 681 739 769 individuam
801 699 1164 763 naturam
1228 702 1663 778 conservat,
1715 690 1986 768 omnia
2045 691 2288 790 igitur

237 798 484 875 aliena
533 803 624 876 in
673 824 903 877 suam
950 814 1262 878 mutare
1310 801 1578 880 studet
1618 817 2001 893 naturam,
2036 807 2284 882 nutri-

235 934 391 1009 tur,
468 917 790 1016 organis
855 913 1247 990 sentiendi
1319 915 1734 994 instruitur
1781 931 1860 994 et
1901 944 2285 1022 propaga-

233 1048 363 1110 tur
442 1048 540 1110 ut
624 1029 972 1132 speciem
1051 1043 1474 1106 conservet.
1618 1032 1887 1108 Planta
1971 1037 2285 1133 organis

237 1145 627 1226 sentiendi
711 1156 952 1228 caret,
1037 1162 1387 1245 quorum
1462 1143 1646 1221 loco
1722 1148 2283 1247 expansionem

234 1277 542 1340 tantum
596 1258 934 1363 quaerit,
986 1282 1142 1358 qua
1191 1259 1611 1348 elementa,
1665 1284 1867 1361 quae
1901 1263 2285 1353 ambiunt,

233 1377 469 1455 veluti
520 1372 1039 1476 amplectitur.
2187 1422 2248 1463 ¹..
2323 1398 2326 1401 ·

419 1494 569 1568 Est
622 1490 866 1588 igitur
926 1485 1189 1588 planta
1251 1486 1635 1564 membris
1701 1487 2024 1579 donata,
2076 1515 2283 1593 quae

238 1605 652 1684 nutritioni
697 1602 1153 1689 inserviunt,
1204 1625 1540 1701 corpora
1591 1602 1839 1680 aliena
1885 1602 2285 1696 hauriunt,

240 1744 485 1821 eaque
512 1718 827 1820 corpori
860 1714 1480 1819 plantaesimilia
1503 1715 1870 1795 reddunt.
1921 1720 2283 1799 Partibus

214 1834 316 1909 ‘in
342 1832 845 1909 latitudinem
872 1829 1225 1931 expansis
1250 1831 1702 1929 saepissime
1736 1829 2041 1930 gaudet,
2077 1858 2282 1934 quae
2411 1833 2417 1839 ’

235 1948 590 2025 similiter
668 1944 1087 2022 nutritioni
1149 1958 1286 2021 aut
1349 1944 1852 2021 concoctioni
1914 1945 2284 2023 ciborum

232 2062 702 2148 inserviunt,
783 2058 1025 2136 simul
1086 2082 1274 2135 vero
1340 2080 1829 2155 organorum
1891 2058 2285 2136 sentiendi

231 2175 496 2253 locum
575 2175 974 2262 obtinent,
1052 2174 1173 2249 uti
1248 2171 1555 2254 dictum
1637 2186 1767 2247 est.
1892 2178 2124 2252 Tunc
2181 2172 2283 2249 ad

231 2292 822 2390 generationem
894 2311 1065 2364 sese
1137 2287 1524 2364 convertit
1596 2301 1672 2363 et
1728 2286 1976 2364 varias
2023 2301 2281 2391 partes
2412 2341 2415 2345 Q

227 2407 631 2507 producit,
692 2404 1044 2481 formam
1107 2403 1745 2505 propagatoriam
1792 2403 1842 2480 i.
1894 2426 1980 2479 e.·
2005 2402 2281 2505 sphae-

229 2521 584 2597 roideam
635 2519 886 2617 magis
934 2518 1298 2595 minusve
1349 2518 1822 2595 exhibentes·

422 2618 643 2693 Finis
723 2617 1147 2718 primarius
1234 2615 1546 2718 plantae
1646 2615 2057 2692 individua
2165 2626 2283 2690 est

140 2815 143 2818 ,
231 2729 488 2831 ipsius
551 2742 839 2805 natura.
942 2730 1148 2806 Huic
1214 2730 1585 2809 convenit
1628 2729 1890 2808 forma
1938 2752 2277 2827 symme-

229 2845 452 2932 trica,
542 2841 732 2918 huic
822 2844 1249 2921 necessaria
1332 2859 1519 2923 sunt
1602 2846 1997 2932 membra,
2096 2841 2277 2919 fun-

232 2960 529 3035 ctiones
644 2958 1042 3046 habentia,
1141 2954 1285 3032 fini
1385 2955 1706 3034 cuidam
1785 2957 2278 3044 secundari0,

229 3074 604 3175 primario
652 3071 1138 3160 inservienti,
1189 3069 1766 3147 convenientes.

164 3339 197 3374 ⁵
231 3371 369 3463 16.
510 3321 1101 3510 Plantarum
1198 3368 1836 3488 explicationi
1926 3369 2273 3485 mpedi-

341 3530 645 3602 menta
755 3510 1193 3616 obstant,
1293 3522 1465 3601 aut
1566 3508 2002 3609 interna,
2107 3517 2270 3595 aut

340 3664 783 3744 externa.
884 3675 887 3676 f

412 3860 500 3936 Si
581 3857 799 3935 nulla
873 3873 1131 3936 essent
1191 3855 1795 3958 impedimenta,
1868 3855 2127 3955 planta
2179 3849 2280 3925 ad

223 3969 891 4069 perfectissimum
942 3972 1300 4073 corporis
1349 3971 1698 4071 organici
1748 3982 2038 4046 statum
2094 3991 2278 4068 pro·-

228 4084 587 4183 cederet,
637 4109 784 4163 nec
848 4087 1172 4166 varietas
1238 4101 1466 4168 esset
1501 4086 1950 4189 plantarum
2028 4082 2278 4181 magis
