2843 4800
1062 348 1200 424 CA
1219 348 1364 425 UL
1382 348 1510 475 18.
2144 350 2294 427 ,157
2387 413 2401 431 ,

249 550 455 631 Petit
503 547 869 628 Thouars
912 546 1129 625 Essai
1177 545 1449 642 vm).
1511 598 1517 618 .-
1560 545 1644 622 Si
1688 544 2145 646 intelligitur
2186 550 2294 639 id,

253 664 485 767 quod
549 663 820 742 cortici
884 661 1240 749 accrevit,
1304 660 1484 735 fieri
1537 660 1900 758 lignum,
1929 687 2097 741 non
2147 664 2295 740 du..

253 780 463 868 bito,
537 779 601 853 si
683 802 871 852 vero
942 773 1428 872 intelligitur,
1500 798 1676 851 vasa
1731 774 2053 876 spiralia
2113 792 2299 930 post

253 891 555 969 fibrosa
608 890 827 978 oriri,
880 887 1181 965 dubito.
1261 925 1266 930 ·

456 1007 1046 1105 Separationem
1098 1017 1519 1075 stratorum
1555 1001 1721 1077 fieri
1765 1007 2295 1083 cont1actione
2386 1040 2390 1043 ’

256 1143 402 1195 nec
454 1119 1038 1217 compressione
1088 1131 1305 1215 puto.
1407 1117 1485 1189 Si
1539 1119 2121 1217 compressione
2155 1121 2293 1197 fie-

256 1249 392 1319 ret,
446 1233 766 1307 cellulae
814 1231 1208 1305 medullae
1256 1231 1339 1301 in
1393 1231 1743 1305 caulibus
1797 1235 2111 1307 annosis
2145 1237 2293 1309 mi-

256 1373 496 1421 nores
572 1359 822 1419 essent
896 1359 972 1417 et
1052 1345 1445 1428 coarctati,
1523 1344 1745 1442 quod
1827 1349 2289 1447 neutiquam

258 1461 730 1535 observatur.
856 1463 1016 1533 Hac
1094 1457 1625 1531 contractione
1697 1485 1869 1534 vasa
1943 1461 2291 1539 flexuosa

258 1599 350 1649 ex
398 1573 800 1647 reticulato
846 1573 1335 1645 incremento
1371 1573 1617 1665 magis
1647 1574 2051 1673 magisque
2085 1595 2291 1653 recta

258 1687 602 1763 evadunt
652 1701 726 1761 et
776 1711 994 1759 areae
1042 1687 1393 1757 minores
1447 1683 1969 1779 (Grundlehr.
2019 1717 2090 1789 p.
2129 1697 2289 1765 153.

256 1807 422 1879 157.
498 1801 726 1895 161.).
848 1803 1048 1875 Ante
1110 1799 1358 1871 finem
1423 1799 1713 1871 mensis
1763 1801 1967 1873 Iunii
2023 1819 2095 1877 et
2143 1805 2291 1877 ini-

254 1917 458 1991 tium
506 1915 684 1989 Iulii
736 1927 1060 1987 stratum
1110 1913 1543 1985 formatum
1597 1913 2069 2007 distinguere
2121 1941 2287 1991 non

252 2031 516 2131 potui,
600 2051 1084 2127 quamquam
1168 2027 1250 2097 in
1331 2025 1459 2110 iis,
1559 2051 1895 2123 quarum
1979 2027 2283 2123 lignum

254 2143 440 2241 gelu
498 2157 790 2217 tactum
844 2153 1044 2225 erat,
1110 2139 1335 2213 initio
1399 2139 1599 2213 veris
1649 2137 1801 2235 jam
1853 2141 2291 2217 luculenter

254 2271 676 2357 appareret.

444 2371 666 2468 Ligni
732 2383 960 2444 strata
1028 2368 1613 2468 compressione
1665 2395 1827 2446 non
1883 2371 2159 2446 exoriri
2213 2383 2291 2446 et

250 2488 539 2588 probat
614 2484 946 2558 morbus
1032 2484 1545 2580 (alburnitas)
1631 2512 1791 2584 quo
1883 2486 2287 2582 singulum
2363 2517 2366 2521 ·

248 2612 584 2674 stratum
630 2598 830 2672 inter
876 2598 1176 2696 reliqua
1226 2596 1467 2670 molle
1517 2616 1937 2696 permanet,
1977 2600 2075 2674 de
2119 2626 2282 2700 quo

246 2714 460 2788 bene
508 2710 858 2786 Medicus
910 2712 1202 2806 (Beytr.
1258 2736 1319 2782 z.
1370 2710 1507 2784 ΡΗ.
1559 2714 1773 2786 Anat.
1827 2718 1889 2786 1.
1941 2714 2189 2806 Heft).

448 2828 694 2898 Strata
774 2824 1050 2898 extima
1114 2824 1307 2918 ligni
1383 2826 1627 2898 serius
1697 2827 2283 2910 contrahuntur,

244 2940 436 3014 hinc
508 2936 872 3012 molliora
950 2952 1413 3036 permanent
1489 2952 1561 3010 et
1641 2938 2045 3026 alburnum
2125 2938 2285 3012 sor-

244 3066 484 3126 mant.
594 3056 688 3126 In
758 3052 1234 3150 quibusdam
1303 3050 1713 3122 arboribus
1775 3076 2121 3124 crassum
2173 3068 2287 3126 est

248 3164 706 3252 alburnum,
772 3166 1226 3264 praesertim
1295 3166 1377 3238 in
1438 3164 1563 3248 iis,
1643 3188 1841 3262 quae
1917 3164 2285 3240 molliore

242 3276 642 3378 praeditae
692 3292 874 3352 sunt
922 3280 1174 3376 ligno,
1222 3280 1305 3352 in
1343 3278 1505 3352 aliis
1543 3292 1617 3352 et
1651 3278 1977 3378 quidem
2015 3276 2283 3354 durio-

244 3392 354 3464 ris
404 3392 622 3488 ligni,
672 3406 928 3466 tenue.

444 3508 842 3606 Separatio
932 3508 1236 3582 corticis
1317 3522 1391 3582 et
1461 3506 1649 3602 ligni
1725 3506 1807 3580 in
1881 3508 2281 3584 herbaceis

238 3614 514 3692 locum
566 3644 734 3692 non
782 3620 1034 3692 habet.
1134 3624 1224 3696 In
1260 3622 1675 3694 arboribus
1719 3622 2277 3696 tantummodo

238 3744 644 3828 separatur
708 3746 970 3806 cortex
1034 3758 1242 3818 vere,
1301 3748 1719 3832 antequam
1768 3732 1959 3808 folia
2011 3760 2271 3808 erum-

232 3856 457 3942 pann
503 3856 680 3918 tum
729 3858 1030 3933 aestate,
1057 3860 1262 3948 ,post
1317 3871 1731 3922 ramorum
1758 3847 2277 3947 eruptionem

236 3967 318 4028 et
362 3953 930 4032 formationem
980 3974 1156 4035 ante
1203 3956 1589 4034 foliorum
1640 3983 1925 4041 casum.
2023 3961 2276 4037 Causa

229 4070 753 4169 separationis
825 4071 912 4146 in
985 4071 1469 4172 vegetatione
1538 4073 1626 4148 in
1705 4072 1920 4150 hunc
2001 4070 2276 4148 locum
