2843 4800
524 307 674 386 334
1261 304 1841 386 FRUCTUS.

525 505 1057 612 pericarpium
1107 520 1471 609 apertum
1520 507 1607 583 in
1655 506 1964 587 Reseda
1998 509 2257 608 (Linn.
2292 513 2586 595 Trans-

529 640 668 703 act.
719 629 810 700 Τ.
863 627 976 699 12
1024 649 1099 725 p.
1152 623 1385 722 143.)

718 738 995 817 Plures
1078 752 1265 816 sunt
1349 727 1974 840 anamorphoses
2061 753 2581 818 monstrosae.

523 859 859 931 Fructus
921 852 1205 929 molles
1274 850 1685 928 interdum
1746 851 2336 954 producuntur,
2412 879 2582 955 gra-

526 968 837 1058 ciliores
907 966 1146 1053 fiunt,
1218 966 1821 1076 intorquentur,
1891 966 2302 1050 interdum
2378 981 2582 1072 quo-

526 1110 686 1187 que
759 1082 998 1159 simul
1072 1081 1523 1183 partiuntur
1594 1080 1923 1180 singulis
2005 1096 2141 1161 aut
2210 1081 2580 1186 pluribus

522 1196 1073 1275 loculamentis
1135 1195 1375 1272 simul
1450 1196 2115 1296 excrescentibuS‚
2192 1198 2420 1299 quod
2492 1201 2606 1274 in.

394 1319 399 1324 ‘
526 1315 758 1393 Citris
820 1334 990 1387 non
1052 1335 1235 1389 raro
1296 1309 1578 1388 accidit
1639 1312 1915 1409 (Jager
1957 1312 2154 1388 Ueh.
2203 1311 2578 1391 Missbild.

712 1484 1275 1620 Loculamenta
1338 1539 1595 1616 rarius
1659 1551 1916 1625 aucta,
1984 1537 2299 1641 saepius
2344 1540 2577 1618 oblit

520 1672 760 1736 terata
821 1656 1329 1757 reperiuntur
1397 1657 1676 1754 (Jager
1735 1679 1811 1753 p.
1877 1654 2108 1752 199.)
2228 1658 2322 1730 In
2385 1656 2576 1758 ipsis

520 1774 823 1850 semina
870 1769 1127 1847 modo
1166 1770 1603 1847 oblitterata
1638 1764 2003 1844 videmus
2037 1769 2176 1865 (ib.
2206 1793 2280 1869 p.
2303 1768 2529 1868 201.)

710 1894 1100 1965 Putamen
1181 1883 1268 1959 in
1330 1882 1620 1984 xdrupis
1684 1905 1854 1957 non
1918 1882 2386 1960 induratum
2455 1909 2577 1961 re-

516 2003 857 2105 peritur,
921 1996 1148 2103 quod
1209 1998 1296 2074 in
1359 1996 1648 2074 Prunis
1697 2018 1867 2072 non
1914 1997 2021 2073 ita
2068 2022 2251 2074 raro
2305 1998 2578 2075 obser

517 2129 766 2194 vatur.

709 2231 833 2305 De
903 2225 1237 2325 hybrida
1309 2172 1589 2300 indole
1659 2195 2103 2314 fructuum,
2179 2250 2241 2303 e.
2315 2252 2386 2327 g.
2473 2227 2576 2306 de

515 2342 783 2420 fructu
853 2339 1143 2444 partim
1222 2339 1618 2426 aurantio.
1702 2340 1995 2444 partim
2069 2343 2265 2418 citro
2331 2343 2574 2421 simili

513 2457 875 2560 loquitur
933 2461 1164 2553 Jager
1231 2454 1352 2556 (p.
1413 2455 1635 2549 207.)
1700 2469 1781 2531 et
1826 2455 2077 2546 addit,
2127 2481 2298 2534 non
2349 2474 2575 2535 ortos

513 2596 682 2650 esse
727 2568 1294 2657 secundatione
1341 2568 1696 2667 hybrida.

709 2683 1052 2764 Connati
1113 2708 1283 2761 non
1348 2709 1534 2760 raro
1596 2698 1973 2787 apparent
2032 2683 2357 2763 fructus.
2468 2689 2574 2765 At

511 2801 988 2904 plerumque
1038 2813 1155 2874 est
1199 2811 1654 2875 monstrosa
1699 2800 2036 2900 partitio,
2089 2824 2293 2901 quae
2343 2826 2386 2877 a
2436 2824 2596 2902 pe-.

513 2913 870 2992 dunculo
946 2913 1473 3015 subbipartito
1553 2913 1849 3015 incipit.
1977 2916 2168 2990 Non
2244 2938 2572 3014 negave-

508 3028 681 3105 rim'
732 3027 1085 3104 fructum
1150 3028 1366 3104 alteri
1434 3052 1896 3128 appressum
1946 3053 2133 3104 cum
2185 3053 2285 3104 eo
2334 3055 2572 3133 posse

248 3146 268 3173 χ
398 3220 405 3221 f
511 3142 912 3230 connasci,
963 3157 1040 3219 at
1085 3142 1484 3220 rarissime
1531 3141 1617 3216 id
1667 3157 1875 3218 certe
1924 3142 2224 3220 accidit.

703 3261 1049 3357 Fructus*
1077 3280 1169 3332 ex
1194 3257 1412 3356 apice
1448 3254 1645 3332 alius
1680 3255 1839 3331 exit
1863 3258 2144 3356 (sager
2170 3283 2246 3358 p.
2278 3260 2519 3355 218.)

699 3374 1038 3446 Fructus
1087 3382 1603 3471 praegnantes
1653 3386 2063 3462 vocantur,
2128 3373 2267 3475 qui
2320 3372 2568 3449 alium

509 3485 939 3562 continent.
1071 3483 1467 3562 Oriuntur
1539 3506 1857 3587 semper
1915 3487 2002 3562 in
2063 3511 2200 3564 axe
2263 3486 2569 3564 fructus

505 3598 759 3698 magis
838 3597 1204 3673 minusve
1275 3596 1598 3700 perfecti
1682 3614 1760 3677 et
1841 3602 2177 3678 exterior
2258 3598 2568 3676 fructus

509 3714 823 3790 clausus
873 3725 1011 3789 aut
1072 3735 1414 3814 superne
1479 3728 1793 3815 apertus
1871 3731 2004 3793 est.
2100 3715 2227 3794 Ad
2272 3715 2568 3817 imper-

505 3828 745 3906 fectas
806 3826 1148 3930 pertinet
1191 3825 1830 3928 proliferationes
1880 3831 2141 3929 (sager
2184 3857 2258 3933 p.
2308 3830 2533 3925 218.)

699 3947 1037 4021 Fructus
1084 3939 1496 4017 interdum
1543 3968 1863 4021 ramum
1912 3944 2336 4022 florentem
2397 3969 2568 4019 ma·

508 4056 625 4158 gis
696 4056 1067 4135 minusve
1126 4053 1568 4158 perfectum
1642 4058 1922 4138 exserit
1984 4071 2062 4136 et
2123 4057 2453 4161 quidem
2520 4079 2570 4132 e
