2843 4800
1024 330 1470 407 CAULIS.
2130 330 2271 405 171

415 529 747 612 Thallus
796 552 1301 628 gemmaceus
1353 541 1430 606 et
1478 526 1857 606 foliaceus
1908 525 2063 604 dici
2098 543 2274 629 pot-

221 663 335 736 est
381 648 468 724 in
516 645 1015 734 Lichenibus.
1110 642 1494 719 Lichenes
1546 641 1920 717 crustacei
1974 666 2274 741 egem-

219 761 460 837 mulis
527 771 888 835 constant
949 756 1452 862 subglobosis
1504 780 1546 831 e
1599 755 1899 830 cellulis
1947 757 2278 832 minutis

224 873 703 976 compositis
850 873 1229 949 Lichenes
1324 868 1633 945 foliacei
1719 871 2278 971 expansionem

225 987 638 1066 foliaceam
724 983 1081 1062 referunt
1151 985 1415 1060 tunica
1493 997 1802 1060 externa
1888 985 2279 1074 cellulosa,

229 1101 527 1178 cellulis
575 1100 935 1187 minutiS,
1004 1125 1244 1200 quam
1294 1098 1602 1200 replent
1646 1123 1824 1173 vasa
1875 1113 2282 1175 contortu-

229 1217 542 1319 p'lioata,
594 1213 813 1301 sicea,
861 1214 1197 1301 tenacia,
1245 1214 1497 1289 rarius
1547 1214 1782 1315 septis
1830 1214 2284 1291 transversis

216 1330 618 1406 distincta.
1641 1333 1644 1338 ’

290 1467 323 1506 ,r
388 1441 553 1519 *Th
817 1437 1343 1527 radiciformis
1420 1440 1575 1516 dici
1655 1455 1915 1542 potest
1993 1442 2282 1518 thallus

233 1545 744 1656 fungorumi·
804 1554 1132 1632 Constat
1196 1577 1239 1628 e
1303 1554 1602 1630 tubulis
1665 1556 2285 1632 membranaceis

236 1654 727 1770 (membrana
776 1667 996 1743 haud
1049 1666 1454 1765 cellulosa)
1505 1692 1735 1768 saepe
1783 1684 2005 1768 septo
2041 1684 2285 1746 trans-

235 1810 457 1861 verso
527 1782 910 1878 discretis,
974 1804 1204 1882 saepe
1272 1808 1598 1883 quoque
1664 1782 1750 1856 in
1800 1782 2117 1859 cellulas
2168 1783 2287 1859 di-

236 1899 696 1977 labentibus.
816 1893 1233 1993 Ejusmodi
1312 1896 1570 1972 tubuli
1642 1896 2086 1998 complicati
2165 1921 2289 1973 ex-

240 2026 630 2099 crescunt,
696 2034 877 2086 non
929 2034 1111 2085 raro
1175 2033 1441 2085 ramos
1506 2023 1748 2107 agunt
1816 2025 1894 2086 et
1938 2010 2288 2087 radicem

236 2125 631 2230 sporangii
732 2124 1034 2225 optime
1130 2124 1514 2212 referunt,
1610 2137 1703 2200 ut
1779 2123 1866 2198 in
1945 2125 2287 2202 Merulio

235 2248 648 2321 vastatore
699 2252 845 2318 etc.w
1523 2319 1532 2328 ‚
2351 2245 2358 2250 ’

424 2351 958 2434 Fructificatio
1012 2352 1743 2454 Cryptophytorum
1794 2376 1939 2431 seu
1968 2376 2294 2457 sporan-

237 2473 359 2570 gia
393 2470 637 2546 thallo
672 2465 1037 2555 insident,
1078 2481 1213 2544 aut
1242 2467 1608 2556 mediate,
1645 2482 1781 2545 aut
1811 2468 2292 2546 immediate.

234 2583 668 2664 Mediatam
768 2581 1449 2658 combinationem
1533 2607 1718 2657 cum
1802 2582 2048 2660 thallo
2130 2582 2292 2660 for-

238 2713 464 2774 mant
525 2695 844 2798 podetia
911 2709 990 2770 et
1048 2708 1423 2772 stromata
1489 2694 1961 2796 pedunculis
2028 2711 2107 2772 et
2175 2723 2296 2772 re·-

243 2810 659 2913 ceptaculis
740 2809 1070 2885 aliarum
1152 2809 1601 2910 plantarum
1677 2810 1980 2885 similia.
2101 2811 2295 2888 Fuci

243 2926 562 3028 podetia
658 2948 895 3031 parva
991 2921 1399 2999 interdum
1479 2934 1768 3022 gerunt
1847 2949 1890 3000 a
1970 2923 2299 3000 ramulis

172 3130 185 3147 μ
244 3040 462 3115 thalli
521 3063 692 3115 non
759 3036 1087 3118 diversa.
1195 3037 1575 3115 Lichenes
1635 3037 1954 3138 podetia
2002 3037 2302 3112 habent

249 3180 292 3228 a
342 3151 584 3228 thallo
635 3150 897 3228 forma
951 3150 1313 3253 quidem,
1363 3151 1505 3228 sed
1540 3152 1875 3227 minime
1910 3164 2300 3226 structura

249 3266 815 3368 discrepantia:
899 3270 994 3343 ln
1061 3265 1325 3364 fungis
1376 3280 1748 3342 stromata
1798 3266 2303 3367 reperiuntur

250 3381 658 3484 deplanata
737 3391 820 3455 et
874 3379 1405 3486 ‘sporidochia
1491 3381 1877 3479 elongata,
1980 3405 2024 3457 e
2104 3382 2322 3458 vasis*

225 3495 564 3601 'fibrosis
639 3495 1114 3595 composita,
1187 3494 1562 3570 immixtis
1636 3496 1947 3572 cellulis‘
2001 3497 2303 3598 sparsiS.

176 3597 183 3607 ’
250 3608 677 3687 Rarissime
728 3633 1055 3686 succum
1105 3609 1521 3709 proprium
1573 3608 1944 3687 fundunt.

265 3773 466 3862 104.
592 3775 688 3863 F
682 3779 968 3861 unctio
1071 3771 1372 3860 caulis
1469 3786 1615 3862 est
1701 3794 2011 3891 partes
2119 3779 2304 3862 reli·

378 3946 603 4032 quas
669 3941 973 4034 supra
1033 3924 1412 4000 terram
1478 3913 2060 4005 constitutas
2124 3947 2307 4002 sus-

381 4056 741 4153 tinendi,
816 4083 1128 4141 succos
1209 4053 1569 4140 idoneos
1652 4055 2129 4141 advehendi
2211 4067 2313 4142 et
