2843 4800
540 298 687 388 268
1398 309 1724 386 FLOS.

538 506 932 611 pei-igynis
997 508 1198 583 circa
1264 505 1647 584 ovarium.
1760 508 1984 582 Nova
2045 506 2279 607 plane
2330 507 2579 583 exori-

538 638 672 699 tur
729 620 1102 698 formatio
1153 620 1240 694 in
1293 619 1643 721 epigynis
1694 632 1772 696 et
1814 620 2484 721 perigynisdisco
2516 640 2637 715 -ej

538 762 752 813 novo
800 750 1173 839 ‘contextu
1224 734 1601 810 celluloso
1656 749 1990 822 accret0,
2039 733 2258 810 unde
2324 749 2579 836 partes
2671 760 2675 766 ’

540 862 1344 952 superaeemergunt,
1396 846 1620 948 quod
1674 847 2000 950 quidem
2048 848 2134 923 in
2188 848 2575 924 Galantho

541 991 775 1066 supra
852 961 1086 1049 dicto,
1155 985 1299 1035 nec
1379 985 1546 1036 non
1608 961 1694 1035 in
1757 961 2577 1039 Mesembrianthemis

539 1093 784 1181 patet,
845 1078 987 1153 ubi
1053 1072 1244 1149 disci
1304 1099 1484 1174 pars
1548 1075 1800 1175 petala
1850 1087 1925 1150 et
1973 1076 2301 1152 stamina
2355 1074 2577 1150 emit-

512 1188 745 1280 tens,
813 1190 1042 1266 cunei
1109 1188 1352 1262 instar
1414 1187 1621 1265 inter
1686 1188 2024 1287 calycem
2091 1204 2166 1266 et
2215 1189 2576 1266 ovarium

535 1307 821 1381 inserta
875 1319 1004 1380 est.

734 1419 814 1495 Si
879 1433 969 1493 tu
1030 1416 1388 1492 ovarium
1444 1414 1907 1509 consideras,
1940 1418 2056 1493 uti
2107 1417 2394 1493 florem
2446 1430 2577 1493 aut

537 1556 935 1631 gemmam
1002 1549 1150 1632 per
1222 1557 1337 1619 se,
1410 1531 1760 1632 reliquae
1833 1547 2129 1631 partes,
2217 1531 2573 1628 calycem‚

539 1645 919 1722 corollam
1002 1659 1077 1720 et
1154 1647 1486 1722 stamina
1561 1645 1680 1720 uti
1746 1641 1939 1719 folia
1999 1640 2157 1720 'seu
2228 1645 2573 1719 bracteas

539 1762 879 1837 aliorum
944 1758 1243 1834 florum
1308 1784 1477 1836 non
1543 1782 2038 1834 emersurum
2102 1757 2427 1834 habebis
2488 1757 2572 1831 in

539 1877 808 1953 ovario
886 1871 1144 1949 infero
1219 1899 1483 1948 veram
1546 1871 2211 1949 inflorescentiam
2281 1885 2572 1948 centra-

535 1989 693 2077 lem
746 1988 986 2086 (148)
1035 1987 1388 2086 partibus
1439 1985 1886 2061 lateralibus
1934 1985 2136 2061 ultra
2189 1986 2439 2073 elatiS,
2486 1987 2580 2063 in

539 2102 808 2179 ovario
846 2124 1133 2200 supero
1169 2099 1834 2174 inflorescentiam
1866 2100 2358 2193 terminalem
2402 2126 2575 2201 par-

532 2216 745 2290 tibus
794 2213 1237 2289 lateralibus
1286 2211 1492 2287 infra
1544 2213 1807 2288 enatis.

603 2325 616 2340 ²
725 2327 1077 2426 Partium
1128 2324 1351 2399 floris
1400 2350 1784 2403 numerus
1837 2324 2403 2407 determinatur
2455 2354 2572 2430 ra-

533 2441 895 2517 mositate
946 2438 1506 2515 fasciculorum
1557 2441 2057 2539 lignosorum
2107 2443 2192 2518 in
2234 2458 2572 2545 recepta·-

536 2555 714 2631 culo
795 2569 870 2629 et
916 2554 1123 2635 ,haec
1200 2556 1638 2631 accretione
1712 2579 1878 2631 non
1956 2555 2363 2633 divisione.
2487 2557 2567 2633 si

530 2694 710 2771 pars
776 2666 1041 2744 deficit
1103 2682 1178 2744 et
1234 2668 1700 2746 ramificatio
1768 2669 2051 2746 deficit.
2146 2675 2330 2746 Non
2383 2672 2569 2747 novi

530 2795 786 2970 partes
881 2781 1340 2861 deficientes
1433 2810 1773 2887 quarum
1852 2782 2197 2861 fasciculi
2281 2783 2570 2880 lignosi

534 2921 575 2972 a
637 2909 808 2971 sint.

1357 3274 1365 3281 .
1505 3203 1592 3291 3.

1071 3370 2020 3468 PERIGONIUM.

529 3596 781 3700 159„
853 3599 1427 3715 Perz'gonium
1511 3610 1904 3688 constat
1978 3624 2030 3687 e
2114 3595 2614 3714 partibus.

518 3711 539 3740 ’
648 3735 1124 3837 foliaceiS‚
1219 3736 1644 3827 stamina
1732 3737 2289 3856 pistillaque
2368 3734 2564 3826 cin-
2669 3803 2672 3814 .

594 3875 1139 3991 'gentibus
1222 3873 1351 3967 ad
1420 3872 1785 3965 florem
1867 3906 2059 3969 nec
2142 3873 2274 3967 ad
2344 3875 2564 3964 bra-

652 4029 919 4107 cteas
980 4014 1740 4136 pertinentibus,
