2843 4800
908 318 1643 403 -VE'GE'TA-TIO.
1985 344 1992 353 ·
2155 329 2318 405 Μ’

254 517 521 606 neum.
645 518 1219 624 Distinguenda
1288 526 1413 603 'est
1493 525 1694 603 actio
1778 527 2116 603 excitans
2208 528 2305 604 ab

257 640 599 719 efficacia
684 640 1070 728 chemica,
1128 664 1304 742 -qua
1384 639 1748 738 indigent
1832 641 2306 740 vegetabilia.

250 760 345 835 In
413 760 593 833 aere
660 762 1122 855 compresso
1187 754 1480 831 melius
1542 755 1802 853 vigere
1849 754 2149 857 plantas
2196 756 2308 831 vi.—

254 860 373 948 dit
402 858 949 946 Doebereiner
980 867 1287 966 (Annal.
1324 868 1398 944 d.
1430 868 1658 967 Phys
1691 870 1782 946 T.
1814 873 1930 947 72
1961 897 2037 971 Ρ.
2059 869 2284 965 212).

444 974 691 1083 Acida
753 982 1087 1059 fortiora
1152 982 1456 1085 plantas
1515 982 1797 1085 utique
1871 982 2309 1071 destruunt,

254 1087 503 1175 diluta
575 1095 768 1202 ipsis
841 1095 1102 1173 favere
1148 1094 1562 1173 ‘videntun
1673 1096 1796 1172 De
1855 1094 2084 1172 acido
2150 1095 2310 1172 sul-

250 1213 593 1315 phurico
698 1210 1235 1312 experimenta
1324 1210 1662 1287 instituit
1763 1210 2309 1287 Blumenbach

254 1327 581 1428 (Voigts
652 1319 747 1402 N.
802 1330 1020 1422 -.Mag
1092 1322 1145 1399 f.
1217 1324 1723 1424 Naturgesch.
1798 1327 1890 1404 T.
1941 1330 2018 1401 l.
2081 1331 2173 1402 Η.
2237 1330 2307 1407 3.

250 1467 327 1543 Ρ.
393 1441 610 1538 126.)
697 1438 798 1515 de
862 1439 1145 1514 nitrico
1207 1439 1536 1516 Einhof
1571 1437 1966 1538 (Gehlens
2027 1445 2305 1518 Journ.

255 1554 332 1631 d.
384 1554 658 1631 Chem.
709 1557 799 1629 T.
847 1557 915 1631 3.
967 1581 1041 1656 Ρ.
1086 1552 1316 1652 604.)
1412 1542 1757 1631 Acidum
1790 1554 2308 1633 carbonicum

253 1668 533 1744 nimia
553 1667 777 1769 copia
826 1668 1129 1770 plantas
1181 1664 1531 1754 destruit,
1581 1664 1849 1743 forsan
1885 1669 2070 1769 quia
2124 1695 2306 1767 oxy-

250 1803 595 1880 geneum
628 1781 1161 1859 necessarium
1212 1781 1571 1859 excludit.
1667 1784 1765 1858 In
1816 1783 2302 1882 quibusdam

250 1896 528 1996 oxydis
594 1895 998 1973 metallicis
1060 1890 1324 1995 vigent
1379 1895 1711 1998 plantae.
1832 1895 1989 1973 Cfr.
2052 1901 2308 1974 Hum-

244 2010 477 2088 boldt
529 2010 610 2109 (l.
663 2010 763 2109 c.)
817 2025 895 2088 et
940 2010 1170 2089 Uslar
1201 2014 1707 2109 (Fragmente
1733 2034 2016 2088 neuer.
2031 2010 2308 2088 Pflan-

238 2124 694 2202 zenkunde.
768 2118 1270 2202 Braunschw.
1323 2125 1608 2222 1794).

238 2283 247 2291 ·
440 2242 801 2349 Gypsum
889 2253 968 2316 et
1045 2240 1368 2318 calcaria
1456 2238 1742 2341 plantis
1825 2148 2310 2330 conducunt,

243 2372 447 2430 num
509 2351 979 2443 irritatione,
1020 2379 1143 2431 an
1187 2354 1394 2456 quia
1425 2350 1715 2438 solum
1763 2355 2212 2458 praebent
2188 2382 2311 2458 lp-

246 2466 352 2543 sis
386 2481 683 2570 aptum,
719 2468 1083 2545 dubium.
1155 2468 1561 2570 Lapidem,
1593 2471 2083 2570 magnesiam
2119 2495 2310 2547 con-

244 2579 665 2671 tinentem,
737 2582 1023 2685 plantis
1088 2604 1380 2659 nocere
1444 2599 1721 2661 auctor
1772 2599 1887 2659 est
1944 2590 2312 2661 Tennant

249 2696 595 2794 (Philos.
648 2702 1040 2772 Transact.
1090 2701 1303 2774 1799.
1354 2701 1438 2771 Ρ.
1487 2699 1554 2771 2.
1606 2725 1680 2798 p.
1730 2697 1939 2793 305.)
1993 2711 2069 2772 et
2118 2722 2309 2773 con-

247 2807 520 2887 firmat
569 2810 1004 2887 -Carradori
1083 2810 1487 2907 (Giornali
1566 2811 1647 2887 di
1721 2809 1962 2886 fisica.
2057 2815 2148 2885 T.
2239 2817 2306 2887 9.

248 2952 340 3026 Ρ..
372 2929 489 3003 77.
538 2925 776 3024 286).
877 2925 1030 3002 Alii
1086 2924 1468 3000 dubitant.

449 3038 651 3115 Salia
723 3038 990 3115 media
1063 3053 1224 3140 tam
1301 3037 1660 3127 alcalina,
1736 3063 1974 3140 quam
2036 3051 2310 3128 terrea,

210 3148 559 3225 *minori
601 3151 828 3253 copia
890 3153 1252 3243 excitant,
1312 3152 1596 3252 majori
1665 3167 1976 3240 nocent,
2028 3153 2134 3229 ob
2188 3159 2310 3228 ex'-

242 3263 763 3341 haustionem
822 3267 1138 3344 virium.
1258 3266 1414 3345 cfr.
1464 3265 1777 3345 Einhof
1785 3267 1909 3366 ,(1.
1962 3265 2073 3365 c.)
2125 3269 2311 3344 Car-

244 3377 522 3470 radori
585 3381 910 3479 (Journ.
978 3380 1051 3456 d.
1100 3382 1472 3480 Physsfr.
1521 3386 1639 3460 81.
1689 3409 1762 3485 Ρ.
1811 3379 2042 3480 369.)
2079 3381 2311 3458 alios-

164 3595 165 3598 *
247 3516 429 3596 que.
538 3494 859 3569 Nitrum
908 3492 1124 3591 justa
1179 3495 1366 3583 ,dosi
1416 3495 1698 3597 utique
1745 3495 2113 3597 prodest,
2163 3519 2314 3572 nec

243 3630 418 3712 non
500 3606 613 3683 sal
692 3631 1144 3684 commune.
1263 3610 1881 3711 Resorptionem
1945 3608 2313 3686 humoris

243 3721 370 3798 his
408 3721 745 3799 ‘salibus
822 3722 1092 3820 augeri
1132 3715 1136 3722 ’
1170 3722 1551 3800 Senebier
1622 3724 1760 3799 ait»
1800 3722 2074 3822 (Phys.
2147 3728 2313 3822 veg.

203 3831 225 3914 ’,
249 3840 338 3910 Τ.
390 3838 473 3913 4:
495 3851 583 3938 p.
619 3842 736 3914 58.
753 3835 808 3935 ).
895 3829 1098 3914 Salia
1132 3836 1518 3914 metallica
1551 3835 1929 3940 pleraque
1963 3853 2274 3915 nocent.

324 3997 327 4004 ·
418 3952 841 4055 'sulphur‘
884 3951 1113 4029 valde
1196 3951 1474 4030 excitat
1559 3953 2135 4051 vegetationem
2223 3966 2316 4030 ut

244 4061 415 4164 ipse
497 4079 863 4169 expertus
904 4087 1144 4146 sum.
1234 4065 1756 4146 'Camfo‘ram-
1789 4066 2080 4172 plantis
2138 4067 2312 4144 irri-
