2843 4800
398 358 404 364 ·
525 352 627 426 22
1297 349 1793 427 PLANTA:
1860 312 1865 317 ’

527 513 889 625 minusve
971 550 1562 650 explicatarum
1635 573 1781 626 nec
1873 548 2295 624 discrimen
2369 543 2632 675 inter'

530 661 892 738 animalia
944 676 1021 739 et
1065 663 1538 762 vegetabilia.

657 793 1002 869 Obstat
1062 793 1474 869 necessitas
1540 790 1931 894 quaedam
1980 792 2319 881 interna,
2371 768 2574 893 quae

332 943 338 950 ·
460 1000 465 1007 ι
525 840 826 1007 plantas
872 906 977 982 ita
1024 906 1458 1008 procedere
1504 919 1725 982 vetat.
1834 905 2221 984 Videmus
2269 920 2573 1007 partem

522 1036 773 1096 unam
851 1034 1035 1121 post
1106 1022 1428 1097 alteram
1502 1020 1895 1122 explicari,
1973 1020 2081 1094 ita
2154 1032 2247 1094 ut
2316 1033 2574 1120 partes

524 1135 774 1232 magis
819 1135 1182 1210 minusve
1234 1135 1648 1237 explicatae
1695 1135 1780 1209 in
1818 1133 2109 1209 eodem
2147 1131 2570 1206 individuo
2625 1228 2628 1229 f

526 1248 800 1324 adsint.
919 1249 1002 1325 Si
1073 1264 1330 1350 partes
1423 1247 1524 1324 ad
1609 1247 1956 1323 eundem
2042 1245 2574 1348 explicationis

524 1362 864 1461 gradum
925 1378 1482 1471 pervenerunt,
1554 1362 1976 1462 requiescit
2025 1361 2247 1462 quasi
2297 1374 2574 1435 natura

436 1463 441 1469 ’
527 1490 606 1552 et
649 1475 938 1552 multas
987 1478 1282 1578 species
1329 1474 1703 1578 profert
1683 1503 1728 1549 1
1768 1498 1829 1549 e.
1879 1474 2213 1550 leviores
2250 1466 2574 1575 explica-

522 1589 764 1665 tionis
795 1591 1197 1666 varietates
1225 1606 1487 1694 tentat,
1518 1589 1739 1664 unde
1792 1588 2116 1671 ordines
2164 1587 2574 1663 naturales·

525 1696 736 1781 Cum
794 1729 975 1805 pars
1049 1718 1375 1806 quoque
1424 1705 1510 1779 in
1563 1703 1794 1779 aliam
1847 1717 2049 1800 agat,
2094 1728 2278 1802 pars
2324 1700 2576 1797 magis

524 1818 893 1929 explicata
961 1820 1282 1895 alteram
1347 1816 1930 1919 aliquantulum
1996 1840 2270 1891 secum
2343 1813 2577 1900 vehit,

520 1945 614 2007 ut
658 1932 908 2029 magis
960 1933 1384 2034 explicetur
1435 1947 1509 2007 et
1557 1932 1723 2006 vice
1774 1956 2014 2018 versa,
2078 1954 2257 2032 pars
2305 1928 2575 2003 minus

525 2046 892 2146 explicata
942 2047 1192 2144 magis
1244 2046 1700 2147 explicatam
1732 2046 2033 2121 retinet.
2117 2045 2246 2120 Sic
2284 2041 2575 2118 folium

402 2188 408 2195 ·
521 2160 1022 2257 gramineum
1084 2185 1271 2237 cum
1351 2161 1649 2237 corolla
1732 2160 2268 2263 papilionacea
2340 2181 2575 2231 num·-

525 2298 769 2378 quam
847 2271 1245 2371 junctum,
1328 2276 1659 2376 simplex
1737 2290 2028 2350 tamen
2076 2274 2161 2349 in
2233 2271 2574 2366 Lathyro

522 2386 860 2464 Nissolia
908 2388 1324 2467 invenitur.
1426 2396 1649 2486 Quae
1709 2389 1979 2465 omnia
2039 2384 2588 2512 necessitatem

523 2501 916 2577 internam
967 2497 1412 2582 obstantem
1462 2505 1825 2606 probant.

717 2634 1295 2735 Impedimenta
1373 2650 1681 2711 externa
1757 2644 1943 2708 sunt
2020 2629 2287 2718 clima,
2357 2654 2435 2704 e.
2508 2651 2577 2725 g.

525 2745 937 2845 frigidum,
1007 2750 1230 2852 quod
1297 2749 1897 2851 explicationem
1965 2746 2281 2831 retinet,
2332 2742 2577 2828 locus,

527 2886 589 2936 e.
641 2884 708 2959 g.
762 2887 1009 2951 mare,
1074 2864 1296 2966 quod
1352 2864 1951 2964 explicationem
2014 2857 2370 2933 similiter
2426 2855 2577 2961 im·

524 2975 775 3077 pedit
842 2992 918 3054 et
982 3003 1184 3080 quae
1250 2978 1394 3057 alia
1463 2978 1841 3053 obsistere
1892 2971 2259 3086 videntur
2304 2955 2576 3043 mi‘nus

525 3106 732 3168 nota

721 3225 1169 3321 Spontanea
1219 3250 1261 3297 a
1311 3221 1572 3294 forma
1623 3212 2118 3319 symmetrica
2167 3212 2574 3298 aberratiO,

527 3331 631 3407 de
712 3350 868 3433 qua
931 3358 1168 3433 supra
1245 3331 1622 3419 diximus,
1709 3325 2381 3428 impedimentum
2458 3327 2576 3403 in·-

525 3439 845 3521 ternum
884 3460 1016 3535 est,
1059 3472 1215 3548 qua
1255 3470 1547 3546 corpus
1583 3442 2046 3541 organicum
2078 3439 2576 3516 individuam
2683 3478 2687 3483 ·

526 3584 910 3660 quaerens
958 3576 1323 3637 naturam
1374 3584 1551 3635 eam
1598 3560 1852 3660 ipsam
1886 3554 2126 3634 simul
2176 3553 2579 3631 destruere

525 3677 817 3752 nititur.

532 3950 668 4035 17.
778 3946 1383 4037 Plantarum
1431 3971 1965 4062 compages
2029 3944 2573 4030 membrana-

653 4121 808 4178 cea
883 4102 1058 4190 est,
1146 4084 1768 4176 membranis
1845 4080 2033 4170 sibi
2096 4076 2574 4196 superim-
