2843 4800
899 288 1645 436 STRUCTURA.
2154 331 2295 408 107

243 548 464 620 ceteS,
503 530 838 631 exceptis
875 527 1245 630 sporidiis
1280 528 1830 631 sporangiisve,
1865 543 2224 606 constant
2256 555 2299 605 e

243 647 511 724 floccis
587 670 730 721 seu
806 643 1107 719 tubulis
1183 645 1709 747 simplicibuS,
1760 633 1899 720 aut
1944 646 2297 735 ramosis,

246 761 648 836 continuis
701 772 837 834 aut
885 757 1218 859 septatiS.

246 996 385 1087 68.
513 996 611 1084 F
605 1000 896 1082 unctio
948 1010 1408 1082 contextus
1452 999 1838 1084 cellulosz'
1875 1008 2022 1084 est
2067 1015 2322 1086 con-³

367 1163 788 1236 servare,
851 1161 1460 1253 promovere
1531 1148 1628 1222 et
1689 1164 2300 1254 praeparare

365 1303 755 1382 succos,
860 1306 1270 1363 vasorum
1341 1278 1908 1390 fibrosorum
2001 1274 2300 1365 addu-

370 1443 607 1505 cere
674 1441 1032 1505 succos
1098 1414 1599 1516 nutritios,
1665 1449 2074 1505 vasorum
2133 1424 2301 1535 spi·
2404 1413 2414 1423 ’

366 1561 683 1645 ralz’um
738 1551 1332 1670 respiratio,
1413 1588 1823 1644 vasorum
1888 1564 2301 1675 proprio-

365 1730 561 1785 rum
627 1693 1054 1783 secretio
1126 1692 1400 1783 succi
1466 1695 2083 1785 stimulantis,

434 1900 771 1976 Functio
811 1911 1216 1973 contextus
1252 1899 1625 1987 cellulosi,
1676 1899 2304 2000 parenchymatis

251 2031 319 2092 et
367 2012 1045 2117 prosenchymatis
1094 2037 1262 2088 non
1326 2013 1568 2089 dubia
1622 2028 1752 2088 est·
1819 2017 2307 2091 Conservam

249 2156 590 2219 succum,
634 2154 819 2205 nam
862 2152 957 2201 eo
995 2139 1341 2222 turgent3
1382 2143 1878 2229 promovent,
1916 2154 2102 2204 nam
2136 2153 2308 2204 me·

251 2245 421 2321 diae
456 2244 778 2321 cellulae
819 2243 902 2316 in
948 2240 1234 2317 cortice
1284 2243 1680 2331 crassiore,
1707 2243 1845 2319 ubi
1877 2244 2091 2319 nulla
2125 2241 2330 2318 vasa
2403 2313 2410 2318 .

248 2363 495 2437 vicina
535 2372 720 2435 sunt
760 2380 997 2433 succo
1051 2370 1395 2454 turgent;
1440 2371 1921 2461 praeparant,
1964 2382 2151 2433 nam
2192 2357 2305 2434 vi-

250 2475 536 2551 demus
587 2471 900 2548 cellulas
950 2474 1333 2550 solitarias
1368 2488 1502 2549 aut
1536 2498 1825 2574 paucas
1860 2488 2301 2572 aggregatas

250 2580 517 2664 succo
544 2588 867 2687 repletas
914 2587 1303 2675 colorat0,
1361 2612 1549 2663 cum
1604 2587 1951 2688 reliquae
2002 2589 2302 2664 circum

251 2705 456 2779 circa
514 2701 913 2777 decolores
948 2704 1118 2777 sint.
1183 2707 1283 2778 Et
1332 2702 1567 2800 amyli
1602 2702 1944 2798 granula,
1980 2716 2057 2777 et
2089 2703 2306 2779 chlo-

247 2816 715 2919 rophyllum
797 2815 881 2891 in
960 2814 1258 2892 cellulis
1345 2815 1701 2919 deposita
1781 2819 2306 2918 praeparatio-

249 2960 455 3009 nem,
486 2931 848 3033 probant.

440 3050 562 3121 De
610 3046 810 3121 vasis
859 3044 1174 3121 fibrosis
1207 3058 1390 3147 post
1419 3043 1965 3144 Malpighium,
2004 3045 2141 3144 qui
2175 3068 2306 3117 ve-

251 3184 425 3235 ram
508 3154 1009 3236 functione-m
1097 3184 1269 3235 non
1350 3159 1742 3258 ignoravit
1828 3160 1940 3256 (v.
2014 3161 2074 3256 §-
2137 3156 2303 3255 10.)

254 3273 716 3350 dubitarunt
819 3275 964 3349 viri
1072 3274 1304 3350 docti.
1451 3272 1682 3350 Multi
1778 3272 2305 3371 neglexerunt,

250 3402 386 3465 aut
461 3390 599 3489 qui
664 3387 903 3465 fibras
966 3390 1440 3491 putaverint,
1513 3388 1632 3464 uti
1692 3387 2085 3475 Medicus,
2171 3404 2308 3465 aut

250 3505 385 3605 qui
440 3529 787 3579 succum·
824 3504 1242 3580 nutritium
1292 3506 1376 3577 in
1429 3504 1627 3579 vasis
1674 3503 2091 3605 spiralibus
2123 3504 2303 3583 vehi

250 3632 535 3719 putant
585 3619 700 3715 (v.
749 3614 1026 3715 infra),
1081 3631 1215 3693 aut
1262 3619 1398 3718 qui
1435 3642 1763 3693 succum
1797 3620 1880 3692 in
1914 3620 2304 3693 meatibus

248 3730 960 3808 intercellularibus
1024 3730 1394 3806 distribui·
1441 3745 1881 3818 autumant,
1943 3734 2061 3807 uti
2115 3739 2304 3807 Tre-

250 3836 568 3924 viranus
621 3859 698 3922 et
744 3848 1016 3923 Kieser
1066 3848 1164 3944 (v.
1217 3847 1276 3941 ἓ.
1327 3846 1464 3942 4.).
1568 3847 2081 3933 Sententiam,
2133 3869 2305 3922 suc-

253 3987 436 4037 cum
492 3962 930 4053 'nutritium
992 3961 1276 4035 vehere
1335 3985 1513 4035 vasa
1561 3959 1856 4035 fibrosa
1899 3974 2088 4059 post·
2112 3962 2304 4037 Mal-

251 4076 619 4176 pighiu‘m
684 4076 987 4153 restitui
1056 4074 1554 4172 (Nachtriige.
1621 4073 1808 4152 Hest
1866 4076 1933 4149 2.
1998 4101 2071 4176 p.
2124 4077 2302 4173 14.).
