2843 4800
700 430 706 443 ,
799 359 804 363 ·
885 337 1619 418 vE-GETATm.
2129 336 2270 412 491
2347 312 2350 313 ff

244 539 784 643 experimentis
846 538 1197 616 'evictum
1280 552 1412 614 est.
1536 535 1692 614 Cfr.
1759 536 2275 638 Experiences

241 682 297 732 s.
344 656 391 731 l.
439 653 966 753 germination
1019 651 1093 728 d.
1140 653 1378 754 plant.
1427 679 1500 753 p.
1561 655 1648 728 E.
1710 655 1796 729 A.
1867 649 2275 728 Lefebure.

236 775 404 845 Par.
465 768 617 845 l’an'
674 770 798 845 lx.
864 794 939 869 p.
991 772 1152 844 139.
1203 765 1306 843 de
1357 769 1739 861 Saus‘sure
1784 763 2280 842 Recherches·

239 882 472 957 chim.
523 907 580 957 s.
629 881 678 956 l.
727 881 1168 981 vegetation
1220 878 1347 954 ch.
1389 885 1455 955 1.
1507 879 1880 981 aliosque.

432 995 807 1073 Chemira
879 1017 1209 1096 quoque
1275 990 1590 1068 indoles
1662 992 2080 1071 seminum*
2128 991 2279 1069 hac

239 1123 592 1186 mutatur
656 1107 1388 1184 decarbonisatione
1454 1119 1532 1182 et
1616 1105 1760 1182 alia
1832 1102 2278 1207 plantarum

238 1222 619 1324 principia
686 1222 1091 1308 oriuntur,
1142 1244 1204 1297 e.
1252 1243 1319 1319 g.
1371 1220 1829 1295 saccharum
1880 1244 1969 1296 ex
2018 1220 2276 1318 amylo
2341 1230 2348 1236 ’

240 1335 325 1410 in
384 1335 686 1413 semine
751 1334 1231 1424 Cerealium,
1296 1335 1657 1436 quamvis
1721 1334 2280 1436 proportiones

242 1450 637 1526 carbonici
671 1447 1059 1526 indicatae»
1087 1462 1544 1549 repugnent.
1606 1451 1725 1536 At,
1761 1470 1945 1522 cum
1993 1472 2280 1549 parum

245 1562 630 1665 discrepat
695 1561 1112 1664 proportio
1185 1561 1531 1663 partium
1611 1562 2280 1649 constituentium,

243 1689 336 1751 ut
380 1676 464 1751 in
517 1675 772 1773 amylo
826 1690 904 1752 et
949 1674 1353 1760 saccharo,
1402 1672 1648 1750 facilis
1700 1700 1923 1752 error
1971 1689 2103 1750 est.

435 1789 969 1868 Carbonicum
1026 1790 1111 1866 in
1174 1788 1703 1864 maturatione
1752 1788 2013 1887 augeri
2062 1788 2281 1866 vide-

239 1917 388 1991 tur,
453 1900 678 2001 cujus
727 1927 883 2006 ope
930 1902 1233 1981 semina
1283 1901 1777 2004 corruptioni
1824 1903 2112 1981 melius
2155 1928 2281 1982 re·-

239 2018 541 2094 sistunt.

429 2131 830 2230 Oxygenei
896 2133 1201 2213 actione
1263 2132 1349 2210 in
1410 2131 1983 2233 germinatione
2032 2127 2281 2209 fretus

237 2246 688 2324 Humboldt
734 2246 963 2326 acido
1027 2248 1443 2326 muriatico
1513 2261 1980 2347 oxygenatO,
2054 2244 2286 2349 quod-

238 2361 657 2450 vocabant,
739 2384 886 2438 nec
973 2384 1142 2439 non
1217 2362 1489 2462 oitydis
1566 2361 1972 2440 metallicis
2050 2354 2286 2438 variis

238 2501 433 2551 usus
500 2489 646 2563 est,
703 2475 788 2550 in
850 2476 1420 2574 germinatione
1468 2475 2014 2576 promovenda
2075 2476 2283 2575 (Cfr.

240 2592 334 2666 N.
404 2591 571 2665 bot.
645 2592 840 2667 Ann.
907 2595 994 2665 T.
1057 2593 1171 2665 17.
1239 2593 1303 2664 1.
1361 2616 1438 2688 p.
1488 2594 1650 2665 120.
1730 2591 2282 2689 Aphorismen.

240 2730 313 2806 p.
376 2708 494 2779 60.
606 2702 834 2780 Uslar
901 2707 1207 2800 Fragm.
1281 2725 1546 2777 neuer.
1618 2702 2282 2789 Pflanzenkunde,

240 2845 314 2919 p.
390 2824 455 2895 1.
530 2817 812 2918 seqq).
933 2816 1084 2893 Alii
1159 2830 1549 2913 negarunt
1601 2813 2002 2892 effectus
2081 2816 2282 2894 Mihi

239 2947 507 3009 tamen
557 2956 750 3008 usus
797 2930 1011 3007 utilis
1059 2929 1272 3004 visus
1323 2943 1455 3004 est.

372 3048 644 3122 Cum
690 3045 860 3146 pisa
906 3044 993 3120 in
1044 3069 1244 3146 aqua
1296 3054 1533 3130 cocta,
1569 3041 1795 3118 acido
1840 3033 2288 3133 επῧοηὶοῠξ

239 3181 423 3258 gase
468 3157 979 3257 hydrogeneo
1031 3173 1103 3235 et
1136 3158 1222 3233 in
1253 3177 1504 3232 vacuo
1539 3158 1998 3254 germinent,
2047 3161 2285 3233 Sene·

238 3273 417 3349 bier
493 3283 778 3370 putat.
769 3295 1103 3374 aquam
1178 3272 1787 3374 decomponere
1893 3271 2283 3370 (Physiol.

191 3398 484 3485 ,veget
537 3389 626 3459 ’1.
656 3387 761 3459 3.
789 3412 862 3484 Ρ.
910 3388 1142 3504 338.)

400 3503 743 3575 Lumen
807 3497 1009 3575 non
1046 3498 1312 3576 ferunt
1382 3500 1682 3576 semina
1750 3495 2284 3598 germinantia,

242 3615 386 3693 sed
448 3613 538 3689 in
599 3612 942 3689 obscuro
972 3612 1173 3690 ‘loco
1228 3614 1458 3690 citius
1503 3614 1946 3713 germinant
1993 3617 2286 3714 (senez

234 3731 417 3806 bier
463 3728 511 3803 l.
563 3751 624 3804 c.
671 3755 746 3830 p.
809 3731 973 3804 396.
991 3729 1045 3825 ).
1166 3733 1465 3806 Forsan
1536 3729 1850 3818 lumem·
1912 3744 2008 3805 ut
2066 3728 2284 3817 solen*

244 3843 818 3921 combinationi
855 3845 1224 3941 oxygenei
1259 3864 1444 3920 cum
1480 3845 1901 3921 carbonico
1932 3842 2241 3919 resistit.

435 3957 657 4035 Vidit
709 3958 1082 4035 Senebier
1128 3958 1430 4034 semina
1479 3960 1947 4057 germinare,
2007 3981 2284 4057 quam-

243 4071 359 4145 vis
419 4072 845 4149 umbilicus
912 4070 1267 4150 obtectus
1326 4087 1532 4151 esset
1591 4072 1807 4149 visco
1872 4074 1991 4174 (p.
2052 4073 2215 4147 365.
2229 4072 2284 4168 ),

1597 4191 1702 4263 26
