2843 4800
848 284 967 360 IN
990 280 1747 358 TEGUMENTA.
2172 279 2324 356 239

276 481 927 588 pedunculorum
1004 504 1294 579 organa
1377 478 1796 576 singularia
1888 476 2322 579 deprehen-

282 599 586 676 duntur
647 596 825 699 pilis
899 592 1360 670 fasciculatis
1442 592 1856 697 simillima.
1980 598 2322 671 Verruca

279 713 707 816 parietibus
788 709 1247 784 cellularum
1323 709 1691 809 imposita
1768 722 1909 795 est,
1996 732 2085 783 ex
2163 734 2323 784 una

283 828 675 902 constans·
732 823 1008 900 cellula
1091 845 1408 919 magna,
1494 846 1535 897 e
1620 846 1773 921 qua
1861 824 2324 923 corpuscula

282 941 556 1015 conica
625 950 912 1015 exeunt
974 935 1447 1032 divergentia
1508 935 2012 1032 rigidiuscula
2090 938 2326 1037 septis

282 1055 734 1129 transversis
821 1076 990 1127 non
1081 1049 1472 1135 distincta,
1559 1073 1787 1149 saepe
1871 1048 2382 1150 inaequalia„

288 1171 692 1243 Structura
756 1165 1000 1263 igitur
1049 1188 1232 1238 cum
1280 1162 1459 1264 pilis
1507 1162 1772 1239 bulbo'
1810 1163 2199 1264 impositis
2252 1180 2328 1241 et

284 1279 752 1358 fasciculatis
805 1276 1106 1377 optime
1157 1275 1655 1351 conveniunt.

486 1397 692 1470 Cum
745 1391 1063 1467 cellulae
1115 1389 1602 1489 compositae
1656 1393 1832 1465 aere
1882 1416 2025 1466 nec
2087 1417 2323 1468 succo

288 1507 628 1609 repletae
709 1505 892 1591 sint,
974 1501 1473 1604 superficiem
1556 1502 1850 1579 habent
1936 1507 2328 1582 internam

293 1636 647 1698 externae
696 1619 1063 1704 similem,
1113 1618 1197 1692 in
1250 1642 1403 1718 qua
1455 1616 1695 1715 igitur
1728 1618 2003 1694 eadem
2040 1644 2328 1719 organa

287 1733 888 1837 protruduntur,
925 1756 1126 1832 quae
1159 1733 1242 1805 in
1281 1744 1587 1806 externa
1623 1734 1985 1831 protrudi
2022 1734 2294 1811 solent.

481 1846 745 1933 Keith,
838 1845 974 1948 qui
1058 1846 1340 1921 haecce
1429 1867 1715 1941 organa
1792 1847 2120 1923 nomine
2183 1875 2329 1950 pu-

285 1960 724 2037 bescentiae
806 1959 1161 2033 internae
1248 1958 1614 2032 describit
1689 1960 1800 2056 (A
1879 1964 2175 2057 System
2245 1962 2345 2039 of

287 2072 850 2177 physiologica]
887 2077 1212 2170 Botany.
1261 2071 1512 2147 Lond.
1542 2075 1751 2147 1816.
1789 2078 1875 2148 Τ.
1913 2080 1975 2149 l.
2010 2104 2082 2177 p.
2109 2079 2327 2174 372),

284 2187 1058 2265 Leeuvveuhoekium
1087 2185 1440 2286 primum
1480 2186 1796 2274 vidisse,
1840 2187 2022 2263 dein
2071 2195 2329 2266 Tour-

291 2301 720 2378 nefortium
757 2299 1042 2375 melius
1081 2299 1575 2400 descripsisse
1630 2299 2008 2377 adfirmat.
2090 2306 2331 2407 Equi-

294 2417 475 2491 dem
540 2417 623 2489 in
691 2415 992 2515 scriptis
1055 2411 1411 2489 virorum
1466 2413 2162 2492 celeberrimorum
2215 2421 2332 2494 in-

292 2531 558 2606 venire
649 2529 866 2604 haud
961 2529 1207 2629 potui.
1352 2532 1572 2628 Ypey
1656 2531 2171 2627 (Verhandel.
2259 2531 2331 2607 d.

290 2644 840 2743 Maatsehappy
902 2657 977 2718 te
1038 2642 1423 2718 Haerlem.
1487 2646 1576 2717 T.
1629 2645 1740 2717 14.
1790 2670 1861 2743 p.
1911 2646 2126 2739 363.)
2176 2646 2333 2744 pri-

294 2783 478 2834 mus
531 2772 882 2833 accurate
934 2757 1355 2857 descripsit,
1406 2755 1631 2830 villos
1680 2757 1980 2831 vocavit
2023 2771 2097 2831 et
2147 2782 2332 2832 cum

291 2872 552 2948 tunica
613 2871 884 2948 villosa
958 2871 1516 2946 intestinorum
1582 2893 1746 2943 non
1827 2870 2060 2945 bene·
2116 2895 2334 2945 com-

291 2986 602 3086 paravit.
762 2988 975 3060 Tum
1088 2982 1499 3083 Rudolphi
1602 2993 1889 3080 organa
1987 2983 2374 3081 neglecta-

293 3098 582 3172 iterum
648 3096 932 3174 detexit
996 3098 1638 3193 (Bemerkungen
1692 3122 1828 3172 aus
1881 3096 1952 3172 d.
2007 3098 2334 3173 Gebiete

299 3209 371 3284 d.
452 3211 954 3309 Naturgesch.
1040 3210 1187 3289 auf
1256 3213 1403 3287 ein.
1485 3212 1732 3287 Reise.
1862 3207 2057 3285 Berl.
2125 3214 2334 3287 1805.

297 3329 386 3400 T.
447 3328 516 3399 2.
588 3350 661 3425 p.
720 3330 834 3401 99.
947 3328 1306 3402 Anatom.
1375 3323 1449 3399 d.
1497 3322 1785 3399 Pssanz.
1832 3350 1906 3425 p.
1959 3327 2117 3400 146.
2168 3340 2217 3400 t.
2266 3330 2335 3401 2.

292 3437 346 3512 f.
410 3439 809 3535 12—14.).
920 3440 1143 3515 Initia
1208 3464 1371 3516 esse
1425 3450 1558 3513 aut
1603 3435 1972 3537 reliquias
2024 3439 2333 3520 cellula-

291 3576 476 3627 rum
531 3552 906 3652 Sprengel
958 3554 1094 3651 (V.
1142 3556 1311 3628 Bau
1361 3552 1695 3628 d.'Gevv.
1745 3577 1818 3652 p.
1866 3553 2033 3651 89.)
2092 3566 2333 3654 putat,
2439 3591 2442 3594 ·

208 3753 217 3760 ο
295 3678 373 3740 at
416 3666 623 3766 pilos
671 3665 956 3741 melius
1006 3665 1371 3743 referunt.

298 3852 497 3944 145.
621 3850 944 3944 Aculez'
993 3868 1486 3946 vocantur
1537 3866 1871 3970 partes
1919 3848 2333 3940 conicae

415 3989 825 4106 rigidae,
887 3992 1451 4128 superficiei
1512 3993 2094 4111 plantarum,
2157 3987 2333 4077 im·
