<?xml version="1.0" encoding="UTF-8"?>
<!DOCTYPE html PUBLIC "-//W3C//DTD XHTML 1.0 Transitional//EN"
    "http://www.w3.org/TR/xhtml1/DTD/xhtml1-transitional.dtd">
<html xmlns="http://www.w3.org/1999/xhtml" xml:lang="en" lang="en">
 <head>
  <title>
</title>
<meta http-equiv="Content-Type" content="text/html;charset=utf-8" />
  <meta name='ocr-system' content='tesseract 3.04.00' />
  <meta name='ocr-capabilities' content='ocr_page ocr_carea ocr_par ocr_line ocrx_word'/>
</head>
<body>
  <div class='ocr_page' id='page_1' title='image "./elementaphiloso01linkgoog_0131.png"; bbox 0 0 2843 4800; ppageno 0'>
   <div class='ocr_carea' id='block_1_1' title="bbox 1044 345 2271 467">
    <p class='ocr_par' dir='ltr' id='par_1_1' title="bbox 1044 345 2271 467">
     <span class='ocr_line' id='line_1_1' title="bbox 1044 345 2271 467; baseline -0.002 -43"><span class='ocrx_word' id='word_1_1' title='bbox 1044 349 1437 467; x_wconf 67' lang='lat' dir='ltr'><strong>Raplx.</strong></span> <span class='ocrx_word' id='word_1_2' title='bbox 2127 345 2271 421; x_wconf 69' lang='lat'><strong>123</strong></span> 
     </span>
    </p>
   </div>
   <div class='ocr_carea' id='block_1_2' title="bbox 24 11 398 494">
    <p class='ocr_par' dir='ltr' id='par_1_2' title="bbox 24 11 398 494">
     <span class='ocr_line' id='line_1_2' title="bbox 24 11 398 494; baseline 0 4306"><span class='ocrx_word' id='word_1_3' title='bbox 24 11 398 494; x_wconf 95' lang='lat' dir='ltr'><strong> </strong></span> 
     </span>
    </p>
   </div>
   <div class='ocr_carea' id='block_1_3' title="bbox 222 543 2277 3612">
    <p class='ocr_par' dir='ltr' id='par_1_3' title="bbox 222 543 2271 875">
     <span class='ocr_line' id='line_1_3' title="bbox 222 543 2269 649; baseline -0.004 -24"><span class='ocrx_word' id='word_1_4' title='bbox 222 573 432 627; x_wconf 80' lang='lat' dir='ltr'><strong>nova</strong></span> <span class='ocrx_word' id='word_1_5' title='bbox 512 547 740 649; x_wconf 88' lang='lat' dir='ltr'><strong>prole</strong></span> <span class='ocrx_word' id='word_1_6' title='bbox 824 547 1190 623; x_wconf 81' lang='lat' dir='ltr'><strong>oriuntur</strong></span> <span class='ocrx_word' id='word_1_7' title='bbox 1262 559 1366 619; x_wconf 88' lang='lat' dir='ltr'><strong>et.</strong></span> <span class='ocrx_word' id='word_1_8' title='bbox 1396 547 1505 621; x_wconf 86' lang='lat' dir='ltr'><strong>sic</strong></span> <span class='ocrx_word' id='word_1_9' title='bbox 1577 571 1863 649; x_wconf 86' lang='lat' dir='ltr'><strong>porr0‚·</strong></span> <span class='ocrx_word' id='word_1_10' title='bbox 1891 583 1893 585; x_wconf 96' lang='lat'>·</span> <span class='ocrx_word' id='word_1_11' title='bbox 1918 543 2269 645; x_wconf 79' lang='lat' dir='ltr'><strong>plantam</strong></span> 
     </span>
     <span class='ocr_line' id='line_1_4' title="bbox 224 659 2271 761; baseline -0.003 -22"><span class='ocrx_word' id='word_1_12' title='bbox 224 663 544 741; x_wconf 82' lang='lat' dir='ltr'><strong>vocabis</strong></span> <span class='ocrx_word' id='word_1_13' title='bbox 596 659 1158 737; x_wconf 77' lang='lat' dir='ltr'><strong>extendentem.</strong></span> <span class='ocrx_word' id='word_1_14' title='bbox 1260 661 1623 735; x_wconf 79' lang='lat' dir='ltr'><strong>Tandem</strong></span> <span class='ocrx_word' id='word_1_15' title='bbox 1669 659 1933 761; x_wconf 88' lang='lat' dir='ltr'><strong>planta</strong></span> <span class='ocrx_word' id='word_1_16' title='bbox 1981 661 2065 731; x_wconf 88' lang='lat' dir='ltr'><strong>in</strong></span> <span class='ocrx_word' id='word_1_17' title='bbox 2105 683 2271 733; x_wconf 87' lang='lat' dir='ltr'><strong>me-</strong></span> 
     </span>
     <span class='ocr_line' id='line_1_5' title="bbox 230 773 2081 875; baseline -0.004 -22"><span class='ocrx_word' id='word_1_18' title='bbox 230 779 362 853; x_wconf 89' lang='lat' dir='ltr'><strong>dio</strong></span> <span class='ocrx_word' id='word_1_19' title='bbox 420 775 836 861; x_wconf 83' lang='lat' dir='ltr'><strong>evanescit,</strong></span> <span class='ocrx_word' id='word_1_20' title='bbox 891 775 988 849; x_wconf 83' lang='lat' dir='ltr'><strong>ad</strong></span> <span class='ocrx_word' id='word_1_21' title='bbox 1038 775 1274 849; x_wconf 89' lang='lat' dir='ltr'><strong>latera</strong></span> <span class='ocrx_word' id='word_1_22' title='bbox 1322 799 1509 849; x_wconf 86' lang='lat' dir='ltr'><strong>vero</strong></span> <span class='ocrx_word' id='word_1_23' title='bbox 1561 773 2081 875; x_wconf 81' lang='lat' dir='ltr'><strong>progreditur.</strong></span> 
     </span>
    </p>

    <p class='ocr_par' dir='ltr' id='par_1_4' title="bbox 226 887 2273 1439">
     <span class='ocr_line' id='line_1_6' title="bbox 420 887 2271 989; baseline -0.002 -24"><span class='ocrx_word' id='word_1_24' title='bbox 420 895 632 965; x_wconf 90' lang='lat' dir='ltr'><strong>Haec</strong></span> <span class='ocrx_word' id='word_1_25' title='bbox 683 889 888 963; x_wconf 89' lang='lat' dir='ltr'><strong>fiunt</strong></span> <span class='ocrx_word' id='word_1_26' title='bbox 936 889 1016 961; x_wconf 91' lang='lat' dir='ltr'><strong>in</strong></span> <span class='ocrx_word' id='word_1_27' title='bbox 1070 887 1350 987; x_wconf 89' lang='lat' dir='ltr'><strong>plantis</strong></span> <span class='ocrx_word' id='word_1_28' title='bbox 1398 891 1897 989; x_wconf 87' lang='lat' dir='ltr'><strong>perennibus,</strong></span> <span class='ocrx_word' id='word_1_29' title='bbox 1933 889 2017 961; x_wconf 87' lang='lat' dir='ltr'><strong>in</strong></span> <span class='ocrx_word' id='word_1_30' title='bbox 2049 887 2271 987; x_wconf 88' lang='lat' dir='ltr'><strong>plan-</strong></span> 
     </span>
     <span class='ocr_line' id='line_1_7' title="bbox 228 1003 2273 1081; baseline -0.002 0"><span class='ocrx_word' id='word_1_31' title='bbox 228 1007 324 1081; x_wconf 86' lang='lat' dir='ltr'><strong>tis</strong></span> <span class='ocrx_word' id='word_1_32' title='bbox 385 1003 668 1079; x_wconf 84' lang='lat' dir='ltr'><strong>annuis</strong></span> <span class='ocrx_word' id='word_1_33' title='bbox 734 1027 920 1077; x_wconf 82' lang='lat' dir='ltr'><strong>vero</strong></span> <span class='ocrx_word' id='word_1_34' title='bbox 990 1027 1156 1075; x_wconf 90' lang='lat' dir='ltr'><strong>non</strong></span> <span class='ocrx_word' id='word_1_35' title='bbox 1216 1029 1396 1077; x_wconf 89' lang='lat' dir='ltr'><strong>raro</strong></span> <span class='ocrx_word' id='word_1_36' title='bbox 1483 1027 1734 1077; x_wconf 85' lang='lat' dir='ltr'><strong>novae</strong></span> <span class='ocrx_word' id='word_1_37' title='bbox 1815 1003 2273 1077; x_wconf 87' lang='lat' dir='ltr'><strong>exori-untur</strong></span> 
     </span>
     <span class='ocr_line' id='line_1_8' title="bbox 226 1115 2271 1217; baseline 0 -24"><span class='ocrx_word' id='word_1_38' title='bbox 226 1141 614 1217; x_wconf 84' lang='lat' dir='ltr'><strong>gemmae</strong></span> <span class='ocrx_word' id='word_1_39' title='bbox 658 1117 756 1191; x_wconf 92' lang='lat' dir='ltr'><strong>ad</strong></span> <span class='ocrx_word' id='word_1_40' title='bbox 818 1117 1042 1191; x_wconf 89' lang='lat' dir='ltr'><strong>basin</strong></span> <span class='ocrx_word' id='word_1_41' title='bbox 1106 1115 1420 1203; x_wconf 84' lang='lat' dir='ltr'><strong>radicis,</strong></span> <span class='ocrx_word' id='word_1_42' title='bbox 1473 1117 1613 1191; x_wconf 90' lang='lat' dir='ltr'><strong>sed</strong></span> <span class='ocrx_word' id='word_1_43' title='bbox 1663 1117 1925 1191; x_wconf 87' lang='lat' dir='ltr'><strong>nullae</strong></span> <span class='ocrx_word' id='word_1_44' title='bbox 1971 1117 2271 1193; x_wconf 86' lang='lat' dir='ltr'><strong>radices</strong></span> 
     </span>
     <span class='ocr_line' id='line_1_9' title="bbox 230 1229 2273 1331; baseline -0.001 -24"><span class='ocrx_word' id='word_1_45' title='bbox 230 1243 364 1307; x_wconf 84' lang='lat' dir='ltr'><strong>aut</strong></span> <span class='ocrx_word' id='word_1_46' title='bbox 422 1229 818 1305; x_wconf 79' lang='lat' dir='ltr'><strong>radiculae</strong></span> <span class='ocrx_word' id='word_1_47' title='bbox 880 1233 1158 1315; x_wconf 81' lang='lat' dir='ltr'><strong>novae,</strong></span> <span class='ocrx_word' id='word_1_48' title='bbox 1246 1257 1447 1331; x_wconf 89' lang='lat' dir='ltr'><strong>quae</strong></span> <span class='ocrx_word' id='word_1_49' title='bbox 1513 1255 1839 1331; x_wconf 89' lang='lat' dir='ltr'><strong>quoque</strong></span> <span class='ocrx_word' id='word_1_50' title='bbox 1899 1231 1985 1303; x_wconf 91' lang='lat' dir='ltr'><strong>in</strong></span> <span class='ocrx_word' id='word_1_51' title='bbox 2049 1229 2273 1305; x_wconf 86' lang='lat' dir='ltr'><strong>fruti-</strong></span> 
     </span>
     <span class='ocr_line' id='line_1_10' title="bbox 232 1343 1929 1439; baseline -0.002 -18"><span class='ocrx_word' id='word_1_52' title='bbox 232 1347 438 1421; x_wconf 87' lang='lat' dir='ltr'><strong>cosis</strong></span> <span class='ocrx_word' id='word_1_53' title='bbox 488 1343 590 1419; x_wconf 87' lang='lat' dir='ltr'><strong>ad</strong></span> <span class='ocrx_word' id='word_1_54' title='bbox 640 1367 986 1439; x_wconf 85' lang='lat' dir='ltr'><strong>gemmas</strong></span> <span class='ocrx_word' id='word_1_55' title='bbox 1038 1369 1276 1417; x_wconf 77' lang='lat' dir='ltr'><strong>novas</strong></span> <span class='ocrx_word' id='word_1_56' title='bbox 1326 1345 1451 1419; x_wconf 78' lang='lat' dir='ltr'><strong>vix</strong></span> <span class='ocrx_word' id='word_1_57' title='bbox 1501 1359 1800 1421; x_wconf 81' lang='lat' dir='ltr'><strong>exeunt.</strong></span> <span class='ocrx_word' id='word_1_58' title='bbox 1925 1377 1929 1381; x_wconf 50' lang='lat'><strong><em>¹</em></strong></span> 
     </span>
    </p>

    <p class='ocr_par' dir='ltr' id='par_1_5' title="bbox 228 1457 2272 1879">
     <span class='ocr_line' id='line_1_11' title="bbox 420 1457 2271 1537; baseline -0.002 0"><span class='ocrx_word' id='word_1_59' title='bbox 420 1457 754 1537; x_wconf 79' lang='lat' dir='ltr'><strong>Radices</strong></span> <span class='ocrx_word' id='word_1_60' title='bbox 806 1481 1109 1531; x_wconf 83' lang='lat' dir='ltr'><strong>annuae</strong></span> <span class='ocrx_word' id='word_1_61' title='bbox 1160 1483 1302 1533; x_wconf 86' lang='lat' dir='ltr'><strong>nec</strong></span> <span class='ocrx_word' id='word_1_62' title='bbox 1352 1485 1519 1533; x_wconf 88' lang='lat' dir='ltr'><strong>non</strong></span> <span class='ocrx_word' id='word_1_63' title='bbox 1563 1459 1957 1535; x_wconf 89' lang='lat' dir='ltr'><strong>radiculae</strong></span> <span class='ocrx_word' id='word_1_64' title='bbox 1989 1459 2271 1533; x_wconf 85' lang='lat' dir='ltr'><strong>radicis</strong></span> 
     </span>
     <span class='ocr_line' id='line_1_12' title="bbox 232 1571 2272 1675; baseline -0.001 -24"><span class='ocrx_word' id='word_1_65' title='bbox 232 1573 718 1675; x_wconf 84' lang='lat' dir='ltr'><strong>compositae</strong></span> <span class='ocrx_word' id='word_1_66' title='bbox 800 1597 1258 1671; x_wconf 84' lang='lat' dir='ltr'><strong>numquam.</strong></span> <span class='ocrx_word' id='word_1_67' title='bbox 1326 1595 1675 1669; x_wconf 82' lang='lat' dir='ltr'><strong>gemmas</strong></span> <span class='ocrx_word' id='word_1_68' title='bbox 1757 1573 1841 1645; x_wconf 88' lang='lat' dir='ltr'><strong>in</strong></span> <span class='ocrx_word' id='word_1_69' title='bbox 1933 1571 2272 1649; x_wconf 85' lang='lat' dir='ltr'><strong>decursu</strong></span> 
     </span>
     <span class='ocr_line' id='line_1_13' title="bbox 228 1687 2271 1791; baseline -0.001 -26"><span class='ocrx_word' id='word_1_70' title='bbox 228 1689 678 1791; x_wconf 81' lang='lat' dir='ltr'><strong>proferunt3</strong></span> <span class='ocrx_word' id='word_1_71' title='bbox 736 1687 820 1761; x_wconf 91' lang='lat' dir='ltr'><strong>in</strong></span> <span class='ocrx_word' id='word_1_72' title='bbox 879 1687 1116 1761; x_wconf 87' lang='lat' dir='ltr'><strong>ramis</strong></span> <span class='ocrx_word' id='word_1_73' title='bbox 1178 1687 1651 1785; x_wconf 87' lang='lat' dir='ltr'><strong>perennium</strong></span> <span class='ocrx_word' id='word_1_74' title='bbox 1715 1687 1993 1785; x_wconf 83' lang='lat' dir='ltr'><strong>utique</strong></span> <span class='ocrx_word' id='word_1_75' title='bbox 2053 1712 2271 1763; x_wconf 85' lang='lat' dir='ltr'><strong>rarae</strong></span> 
     </span>
     <span class='ocr_line' id='line_1_14' title="bbox 232 1799 742 1879; baseline -0.004 0"><span class='ocrx_word' id='word_1_76' title='bbox 232 1819 434 1879; x_wconf 79' lang='lat' dir='ltr'><strong>sunt.</strong></span> <span class='ocrx_word' id='word_1_77' title='bbox 740 1799 742 1803; x_wconf 72' lang='grc'><strong>’</strong></span> 
     </span>
    </p>

    <p class='ocr_par' dir='ltr' id='par_1_6' title="bbox 228 1915 2275 2359">
     <span class='ocr_line' id='line_1_15' title="bbox 428 1915 2275 2013; baseline -0.002 -21"><span class='ocrx_word' id='word_1_78' title='bbox 428 1917 508 1993; x_wconf 86' lang='lat' dir='ltr'><strong>Si</strong></span> <span class='ocrx_word' id='word_1_79' title='bbox 570 1941 928 2013; x_wconf 86' lang='lat' dir='ltr'><strong>gemmae</strong></span> <span class='ocrx_word' id='word_1_80' title='bbox 994 1917 1076 1991; x_wconf 88' lang='lat' dir='ltr'><strong>in</strong></span> <span class='ocrx_word' id='word_1_81' title='bbox 1140 1915 1479 1991; x_wconf 88' lang='lat' dir='ltr'><strong>decursu</strong></span> <span class='ocrx_word' id='word_1_82' title='bbox 1539 1915 1821 1991; x_wconf 85' lang='lat' dir='ltr'><strong>radicis</strong></span> <span class='ocrx_word' id='word_1_83' title='bbox 1905 1915 2275 1989; x_wconf 86' lang='lat' dir='ltr'><strong>oriuntur</strong></span> 
     </span>
     <span class='ocr_line' id='line_1_16' title="bbox 229 2029 2273 2133; baseline -0.001 -28"><span class='ocrx_word' id='word_1_84' title='bbox 229 2031 494 2133; x_wconf 88' lang='lat' dir='ltr'><strong>planta</strong></span> <span class='ocrx_word' id='word_1_85' title='bbox 552 2029 646 2105; x_wconf 89' lang='lat' dir='ltr'><strong>fit</strong></span> <span class='ocrx_word' id='word_1_86' title='bbox 706 2029 1104 2107; x_wconf 81' lang='lat' dir='ltr'><strong>luxurians</strong></span> <span class='ocrx_word' id='word_1_87' title='bbox 1172 2029 1735 2127; x_wconf 85' lang='lat' dir='ltr'><strong>(wuchernd),</strong></span> <span class='ocrx_word' id='word_1_88' title='bbox 1815 2029 2039 2129; x_wconf 87' lang='lat' dir='ltr'><strong>quod</strong></span> <span class='ocrx_word' id='word_1_89' title='bbox 2079 2055 2273 2103; x_wconf 85' lang='lat' dir='ltr'><strong>non</strong></span> 
     </span>
     <span class='ocr_line' id='line_1_17' title="bbox 230 2143 2273 2245; baseline -0.002 -24"><span class='ocrx_word' id='word_1_90' title='bbox 230 2143 496 2221; x_wconf 82' lang='lat' dir='ltr'><strong>solum</strong></span> <span class='ocrx_word' id='word_1_91' title='bbox 558 2147 644 2219; x_wconf 89' lang='lat' dir='ltr'><strong>in</strong></span> <span class='ocrx_word' id='word_1_92' title='bbox 710 2147 1218 2245; x_wconf 79' lang='lat' dir='ltr'><strong>perennibUS‚</strong></span> <span class='ocrx_word' id='word_1_93' title='bbox 1270 2147 1406 2221; x_wconf 89' lang='lat' dir='ltr'><strong>sed</strong></span> <span class='ocrx_word' id='word_1_94' title='bbox 1463 2169 1791 2245; x_wconf 88' lang='lat' dir='ltr'><strong>quoque</strong></span> <span class='ocrx_word' id='word_1_95' title='bbox 1839 2146 1925 2217; x_wconf 87' lang='lat' dir='ltr'><strong>in</strong></span> <span class='ocrx_word' id='word_1_96' title='bbox 1977 2145 2273 2219; x_wconf 89' lang='lat' dir='ltr'><strong>arbori-</strong></span> 
     </span>
     <span class='ocr_line' id='line_1_18' title="bbox 228 2257 1665 2359; baseline 0 -24"><span class='ocrx_word' id='word_1_97' title='bbox 228 2257 412 2347; x_wconf 78' lang='lat' dir='ltr'><strong>hus,</strong></span> <span class='ocrx_word' id='word_1_98' title='bbox 468 2259 1042 2359; x_wconf 87' lang='lat' dir='ltr'><strong>fruticibusque</strong></span> <span class='ocrx_word' id='word_1_99' title='bbox 1092 2259 1360 2333; x_wconf 90' lang='lat' dir='ltr'><strong>locum</strong></span> <span class='ocrx_word' id='word_1_100' title='bbox 1412 2259 1665 2335; x_wconf 88' lang='lat' dir='ltr'><strong>habet.</strong></span> 
     </span>
    </p>

    <p class='ocr_par' dir='ltr' id='par_1_7' title="bbox 222 2373 2275 2934">
     <span class='ocr_line' id='line_1_19' title="bbox 426 2373 2273 2474; baseline -0.002 -24"><span class='ocrx_word' id='word_1_101' title='bbox 426 2379 806 2450; x_wconf 89' lang='lat' dir='ltr'><strong>Gemmae</strong></span> <span class='ocrx_word' id='word_1_102' title='bbox 868 2375 950 2446; x_wconf 91' lang='lat' dir='ltr'><strong>in</strong></span> <span class='ocrx_word' id='word_1_103' title='bbox 1016 2373 1354 2448; x_wconf 88' lang='lat' dir='ltr'><strong>decursu</strong></span> <span class='ocrx_word' id='word_1_104' title='bbox 1406 2377 1699 2474; x_wconf 86' lang='lat' dir='ltr'><strong>absque</strong></span> <span class='ocrx_word' id='word_1_105' title='bbox 1749 2375 2095 2452; x_wconf 90' lang='lat' dir='ltr'><strong>medulla</strong></span> <span class='ocrx_word' id='word_1_106' title='bbox 2153 2399 2273 2448; x_wconf 85' lang='lat' dir='ltr'><strong>ex-</strong></span> 
     </span>
     <span class='ocr_line' id='line_1_20' title="bbox 230 2488 2273 2588; baseline -0.003 -20"><span class='ocrx_word' id='word_1_107' title='bbox 230 2492 756 2572; x_wconf 74' lang='lat' dir='ltr'><strong>ol&#39;iuntur.‚.ex</strong></span> <span class='ocrx_word' id='word_1_108' title='bbox 814 2488 990 2588; x_wconf 91' lang='lat' dir='ltr'><strong>ipso</strong></span> <span class='ocrx_word' id='word_1_109' title='bbox 1052 2488 1304 2584; x_wconf 79' lang='lat' dir='ltr'><strong>lign03</strong></span> <span class='ocrx_word' id='word_1_110' title='bbox 1368 2490 1511 2562; x_wconf 87' lang='lat' dir='ltr'><strong>ubi</strong></span> <span class='ocrx_word' id='word_1_111' title='bbox 1593 2514 1777 2564; x_wconf 83' lang='lat' dir='ltr'><strong>vero</strong></span> <span class='ocrx_word' id='word_1_112' title='bbox 1845 2504 2273 2586; x_wconf 81' lang='lat' dir='ltr'><strong>emergunt,</strong></span> 
     </span>
     <span class='ocr_line' id='line_1_21' title="bbox 226 2595 2273 2698; baseline -0.002 -18"><span class='ocrx_word' id='word_1_113' title='bbox 226 2604 500 2680; x_wconf 86' lang='lat' dir='ltr'><strong>statim</strong></span> <span class='ocrx_word' id='word_1_114' title='bbox 546 2595 846 2698; x_wconf 62' lang='lat' dir='ltr'><strong>lignum</strong></span> <span class='ocrx_word' id='word_1_115' title='bbox 893 2604 976 2674; x_wconf 89' lang='lat' dir='ltr'><strong>in</strong></span> <span class='ocrx_word' id='word_1_116' title='bbox 1026 2602 1296 2676; x_wconf 88' lang='lat' dir='ltr'><strong>medio</strong></span> <span class='ocrx_word' id='word_1_117' title='bbox 1352 2604 1789 2678; x_wconf 84' lang='lat' dir='ltr'><strong>extenditur</strong></span> <span class='ocrx_word' id='word_1_118' title='bbox 1841 2618 1915 2680; x_wconf 93' lang='lat' dir='ltr'><strong>et</strong></span> <span class='ocrx_word' id='word_1_119' title='bbox 1965 2618 2273 2676; x_wconf 83' lang='lat' dir='ltr'><strong>contex-</strong></span> 
     </span>
     <span class='ocr_line' id='line_1_22' title="bbox 222 2714 2275 2816; baseline -0.002 -21"><span class='ocrx_word' id='word_1_120' title='bbox 222 2736 412 2794; x_wconf 88' lang='lat' dir='ltr'><strong>tum</strong></span> <span class='ocrx_word' id='word_1_121' title='bbox 468 2714 922 2814; x_wconf 87' lang='lat' dir='ltr'><strong>cellulo&#39;sum</strong></span> <span class='ocrx_word' id='word_1_122' title='bbox 974 2742 1116 2790; x_wconf 88' lang='lat' dir='ltr'><strong>seu</strong></span> <span class='ocrx_word' id='word_1_123' title='bbox 1162 2716 1601 2792; x_wconf 88' lang='lat' dir='ltr'><strong>medullam</strong></span> <span class='ocrx_word' id='word_1_124' title='bbox 1647 2718 2051 2816; x_wconf 86' lang='lat' dir='ltr'><strong>intercipit.</strong></span> <span class='ocrx_word' id='word_1_125' title='bbox 2151 2716 2275 2792; x_wconf 85' lang='lat' dir='ltr'><strong>Ad</strong></span> 
     </span>
     <span class='ocr_line' id='line_1_23' title="bbox 222 2828 1921 2934; baseline -0.002 -26"><span class='ocrx_word' id='word_1_126' title='bbox 222 2830 454 2908; x_wconf 88' lang='lat' dir='ltr'><strong>basin</strong></span> <span class='ocrx_word' id='word_1_127' title='bbox 508 2828 904 2934; x_wconf 56' lang='lat' dir='ltr'><strong>interdfim</strong></span> <span class='ocrx_word' id='word_1_128' title='bbox 960 2858 1000 2904; x_wconf 90' lang='lat' dir='ltr'><strong>e</strong></span> <span class='ocrx_word' id='word_1_129' title='bbox 1054 2830 1404 2924; x_wconf 83' lang='lat' dir='ltr'><strong>medulla</strong></span> <span class='ocrx_word' id='word_1_130' title='bbox 1455 2830 1921 2904; x_wconf 85' lang='lat' dir='ltr'><strong>formantur.</strong></span> 
     </span>
    </p>

    <p class='ocr_par' dir='ltr' id='par_1_8' title="bbox 222 2935 2277 3612">
     <span class='ocr_line' id='line_1_24' title="bbox 359 2935 2275 3044; baseline -0.002 -24"><span class='ocrx_word' id='word_1_131' title='bbox 359 2999 366 3007; x_wconf 90' lang='lat'>-</span> <span class='ocrx_word' id='word_1_132' title='bbox 424 2935 1036 3044; x_wconf 44' lang='lat' dir='ltr'><strong>Plantaffifiaverti</strong></span> <span class='ocrx_word' id='word_1_133' title='bbox 1103 2958 1360 3042; x_wconf 88' lang='lat' dir='ltr'><strong>potest</strong></span> <span class='ocrx_word' id='word_1_134' title='bbox 1406 2946 1513 3032; x_wconf 88' lang='lat' dir='ltr'><strong>ita</strong></span> <span class='ocrx_word' id='word_1_135' title='bbox 1561 2960 1651 3018; x_wconf 91' lang='lat' dir='ltr'><strong>ut</strong></span> <span class='ocrx_word' id='word_1_136' title='bbox 1699 2944 1915 3018; x_wconf 82' lang='lat' dir='ltr'><strong>radix</strong></span> <span class='ocrx_word' id='word_1_137' title='bbox 1969 2942 2275 3016; x_wconf 88' lang='lat' dir='ltr'><strong>caulem</strong></span> 
     </span>
     <span class='ocr_line' id='line_1_25' title="bbox 230 3056 2277 3158; baseline -0.003 -22"><span class='ocrx_word' id='word_1_138' title='bbox 230 3058 446 3136; x_wconf 85' lang='lat' dir='ltr'><strong>sistat</strong></span> <span class='ocrx_word' id='word_1_139' title='bbox 476 3074 554 3134; x_wconf 91' lang='lat' dir='ltr'><strong>et</strong></span> <span class='ocrx_word' id='word_1_140' title='bbox 584 3062 936 3156; x_wconf 66' lang='lat' dir='ltr'><strong>gemmas</strong></span> <span class='ocrx_word' id='word_1_141' title='bbox 990 3056 1334 3158; x_wconf 86' lang='lat' dir='ltr'><strong>proferat</strong></span> <span class='ocrx_word' id='word_1_142' title='bbox 1386 3058 1891 3156; x_wconf 86' lang='lat' dir='ltr'><strong>explicandas.</strong></span> <span class='ocrx_word' id='word_1_143' title='bbox 1989 3058 2277 3152; x_wconf 86' lang='lat' dir='ltr'><strong>Ligno-</strong></span> 
     </span>
     <span class='ocr_line' id='line_1_26' title="bbox 230 3170 2277 3272; baseline -0.002 -24"><span class='ocrx_word' id='word_1_144' title='bbox 230 3198 370 3248; x_wconf 88' lang='lat' dir='ltr'><strong>sae</strong></span> <span class='ocrx_word' id='word_1_145' title='bbox 430 3174 734 3272; x_wconf 84' lang='lat' dir='ltr'><strong>plantae</strong></span> <span class='ocrx_word' id='word_1_146' title='bbox 784 3172 982 3246; x_wconf 84' lang='lat' dir='ltr'><strong>huic</strong></span> <span class='ocrx_word' id='word_1_147' title='bbox 1046 3198 1288 3272; x_wconf 87' lang='lat' dir='ltr'><strong>scopo</strong></span> <span class='ocrx_word' id='word_1_148' title='bbox 1372 3170 1847 3272; x_wconf 86' lang='lat' dir='ltr'><strong>aptissimae,</strong></span> <span class='ocrx_word' id='word_1_149' title='bbox 1927 3170 2277 3270; x_wconf 88' lang='lat' dir='ltr'><strong>reliquae</strong></span> 
     </span>
     <span class='ocr_line' id='line_1_27' title="bbox 226 3284 2277 3386; baseline -0.002 -24"><span class='ocrx_word' id='word_1_150' title='bbox 226 3284 598 3362; x_wconf 82' lang='lat' dir='ltr'><strong>facillime</strong></span> <span class='ocrx_word' id='word_1_151' title='bbox 668 3286 1160 3360; x_wconf 85' lang='lat' dir='ltr'><strong>exsiccantur.</strong></span> <span class='ocrx_word' id='word_1_152' title='bbox 1202 3318 1208 3320; x_wconf 79' lang='grc'><strong>-</strong></span> <span class='ocrx_word' id='word_1_153' title='bbox 1278 3290 1505 3386; x_wconf 89' lang='lat' dir='ltr'><strong>Opus</strong></span> <span class='ocrx_word' id='word_1_154' title='bbox 1557 3298 1669 3358; x_wconf 90' lang='lat' dir='ltr'><strong>est</strong></span> <span class='ocrx_word' id='word_1_155' title='bbox 1729 3298 1819 3358; x_wconf 91' lang='lat' dir='ltr'><strong>ut</strong></span> <span class='ocrx_word' id='word_1_156' title='bbox 1871 3284 2109 3358; x_wconf 91' lang='lat' dir='ltr'><strong>caulis</strong></span> <span class='ocrx_word' id='word_1_157' title='bbox 2156 3284 2277 3358; x_wconf 87' lang='lat' dir='ltr'><strong>in-</strong></span> 
     </span>
     <span class='ocr_line' id='line_1_28' title="bbox 222 3398 2277 3498; baseline -0.002 -23"><span class='ocrx_word' id='word_1_158' title='bbox 222 3416 346 3476; x_wconf 86' lang='lat' dir='ltr'><strong>tra</strong></span> <span class='ocrx_word' id='word_1_159' title='bbox 420 3414 708 3474; x_wconf 86' lang='lat' dir='ltr'><strong>terram</strong></span> <span class='ocrx_word' id='word_1_160' title='bbox 788 3400 1190 3476; x_wconf 86' lang='lat' dir='ltr'><strong>demersus</strong></span> <span class='ocrx_word' id='word_1_161' title='bbox 1254 3400 1639 3476; x_wconf 87' lang='lat' dir='ltr'><strong>radiculas</strong></span> <span class='ocrx_word' id='word_1_162' title='bbox 1707 3400 1859 3472; x_wconf 91' lang='lat' dir='ltr'><strong>cito</strong></span> <span class='ocrx_word' id='word_1_163' title='bbox 1911 3398 2277 3498; x_wconf 88' lang='lat' dir='ltr'><strong>proferat.</strong></span> 
     </span>
     <span class='ocr_line' id='line_1_29' title="bbox 224 3510 2259 3612; baseline -0.002 -22"><span class='ocrx_word' id='word_1_164' title='bbox 224 3512 672 3590; x_wconf 78' lang='lat' dir='ltr'><strong>Artifieium</strong></span> <span class='ocrx_word' id='word_1_165' title='bbox 745 3510 902 3608; x_wconf 86' lang='lat' dir='ltr'><strong>jam</strong></span> <span class='ocrx_word' id='word_1_166' title='bbox 988 3514 1298 3590; x_wconf 86' lang='lat' dir='ltr'><strong>dudum</strong></span> <span class='ocrx_word' id='word_1_167' title='bbox 1374 3530 1661 3590; x_wconf 89' lang='lat' dir='ltr'><strong>notum</strong></span> <span class='ocrx_word' id='word_1_168' title='bbox 1729 3514 2153 3612; x_wconf 85' lang='lat' dir='ltr'><strong>(Sprengel</strong></span> <span class='ocrx_word' id='word_1_169' title='bbox 2211 3540 2259 3586; x_wconf 83' lang='lat' dir='ltr'>v</span> 
     </span>
    </p>
   </div>
   <div class='ocr_carea' id='block_1_4' title="bbox 222 3626 2277 4190">
    <p class='ocr_par' dir='ltr' id='par_1_9' title="bbox 222 3626 2277 3908">
     <span class='ocr_line' id='line_1_30' title="bbox 222 3626 2197 3732; baseline -0.002 -30"><span class='ocrx_word' id='word_1_170' title='bbox 222 3632 396 3702; x_wconf 86' lang='lat' dir='ltr'><strong>Bau</strong></span> <span class='ocrx_word' id='word_1_171' title='bbox 442 3654 518 3726; x_wconf 88' lang='lat' dir='ltr'><strong>p.</strong></span> <span class='ocrx_word' id='word_1_172' title='bbox 544 3630 709 3704; x_wconf 88' lang='grc'><strong>383</strong></span> <span class='ocrx_word' id='word_1_173' title='bbox 753 3626 892 3700; x_wconf 78' lang='lat' dir='ltr'><strong>cfr.</strong></span> <span class='ocrx_word' id='word_1_174' title='bbox 926 3632 1082 3702; x_wconf 83' lang='lat' dir='ltr'><strong>Act.</strong></span> <span class='ocrx_word' id='word_1_175' title='bbox 1118 3628 1416 3702; x_wconf 87' lang='lat' dir='ltr'><strong>Erudit.</strong></span> <span class='ocrx_word' id='word_1_176' title='bbox 1455 3630 1664 3702; x_wconf 82' lang='grc'><strong>1682.</strong></span> <span class='ocrx_word' id='word_1_177' title='bbox 1713 3654 1787 3726; x_wconf 88' lang='lat' dir='ltr'><strong>p.</strong></span> <span class='ocrx_word' id='word_1_178' title='bbox 1839 3628 2067 3732; x_wconf 62' lang='lat'><strong>158.)</strong></span> <span class='ocrx_word' id='word_1_179' title='bbox 2191 3672 2197 3674; x_wconf 97' lang='lat'>-</span> 
     </span>
     <span class='ocr_line' id='line_1_31' title="bbox 226 3788 2277 3908; baseline -0.003 -28"><span class='ocrx_word' id='word_1_180' title='bbox 226 3790 370 3880; x_wconf 83' lang='grc'><strong>80.</strong></span> <span class='ocrx_word' id='word_1_181' title='bbox 496 3788 818 3878; x_wconf 81' lang='lat' dir='ltr'><strong>Radix</strong></span> <span class='ocrx_word' id='word_1_182' title='bbox 880 3796 1116 3878; x_wconf 77' lang='lat' dir='ltr'><strong>nulla</strong></span> <span class='ocrx_word' id='word_1_183' title='bbox 1150 3794 1404 3906; x_wconf 79' lang='lat' dir='ltr'><em>folia</em></span> <span class='ocrx_word' id='word_1_184' title='bbox 1463 3790 1859 3908; x_wconf 78' lang='lat' dir='ltr'><strong>profert</strong></span> <span class='ocrx_word' id='word_1_185' title='bbox 1923 3802 2091 3876; x_wconf 79' lang='lat' dir='ltr'><strong>aut</strong></span> <span class='ocrx_word' id='word_1_186' title='bbox 2133 3820 2277 3906; x_wconf 82' lang='lat' dir='ltr'><strong>pe-</strong></span> 
     </span>
    </p>

    <p class='ocr_par' dir='ltr' id='par_1_10' title="bbox 240 3926 2271 4190">
     <span class='ocr_line' id='line_1_32' title="bbox 351 3926 2271 4050; baseline -0.002 -32"><span class='ocrx_word' id='word_1_187' title='bbox 351 3935 793 4050; x_wconf 76' lang='lat' dir='ltr'><strong>riphyllz&#39;a,</strong></span> <span class='ocrx_word' id='word_1_188' title='bbox 814 3972 830 3994; x_wconf 30' lang='grc' dir='ltr'>ε</span> <span class='ocrx_word' id='word_1_189' title='bbox 880 3936 1324 4050; x_wconf 71' lang='lat' dir='ltr'><strong>nullasque</strong></span> <span class='ocrx_word' id='word_1_190' title='bbox 1386 3936 1613 4020; x_wconf 80' lang='lat' dir='ltr'><strong>alias</strong></span> <span class='ocrx_word' id='word_1_191' title='bbox 1667 3946 1973 4048; x_wconf 79' lang='lat' dir='ltr'><strong>partes</strong></span> <span class='ocrx_word' id='word_1_192' title='bbox 1997 3996 2014 4030; x_wconf 88' lang='lat'>‚</span> <span class='ocrx_word' id='word_1_193' title='bbox 2087 3926 2271 4014; x_wconf 83' lang='lat' dir='ltr'><strong>nisi</strong></span> 
     </span>
     <span class='ocr_line' id='line_1_33' title="bbox 240 4070 1380 4190; baseline 0.002 -32"><span class='ocrx_word' id='word_1_194' title='bbox 240 4114 245 4116; x_wconf 93' lang='lat'>·</span> <span class='ocrx_word' id='word_1_195' title='bbox 342 4070 870 4160; x_wconf 77' lang='lat' dir='ltr'><strong>rarissime</strong></span> <span class='ocrx_word' id='word_1_196' title='bbox 936 4076 1380 4190; x_wconf 76' lang='lat' dir='ltr'><strong>ampullas,</strong></span> 
     </span>
    </p>
   </div>
  </div>
 </body>
</html>
