2843 4800
592 334 690 409 74
1229 310 2004 412 's'rR‘tJC‘rURa

590 532 787 609 haec
826 550 1049 608 'vero
1111 529 1400 607 minus,
1527 528 1984 608 particulae·
2026 529 2276 629 hujus·
2330 543 2641 610 contexa·

588 660 722 723 tus
795 670 996 746 aqua
1068 657 1336 721 coctae
1416 647 1600 719 non'
1666 645 2198 722 mutabantur.
2318 648 2428 723 At*
2479 644 2639 751 vidi

461 811 472 821 -
588 770 825 861 saepe
870 757 1346 859 foraminula
1394 757 1558 845 ista,
1610 783 1813 858 quae
1862 759 2361 860 putabantur,
2398 758 2637 838 altero
2775 819 2781 826 ·

591 874 829 953 latere
860 874 1301 972 marginem
1344 871 2028 972 circumscriptum
2065 872 2373 962 habere,
2400 874 2638 951 altero

584 988 1160 1075 oblitteratum,
1213 985 1350 1087 qui
1400 1010 1590 1063 vero
1608 1044 1628 1072 ‚
1677 986 1998 1086 speculo
2051 1010 2434 1065 converso
2452 1047 2472 1075 ‚
2522 1012 2642 1065 re·-

590 1104 1062 1179 stitueretur.
1160 1102 1387 1177 ‚Hinc
1418 1134 1428 1147 ·
1456 1113 1700 1202 patet-
1733 1098 2067 1177 alterum
2130 1100 2332 1178 latus
2398 1101 2639 1179 altero

589 1217 840 1316 magis
901 1214 1438 1318 prominuisse
1477 1228 1568 1291 ,et
1611 1214 2035 1312 granulum
2079 1214 2363 1305 fuisse,
2417 1213 2640 1319 quod

588 1333 957 1410 foramen
1014 1328 1523 1408 credebatur.
1571 1396 1578 1403 .
1660 1332 1849 1405 Non
1928 1328 2237 1409 mirum
2311 1329 2641 1427 granula

588 1449 735 1523 ista
779 1470 990 1547 aqua
1036 1468 1225 1520 non.
1254 1441 1515 1519 soluta
1560 1466 1763 1530 esse,
1815 1467 2002 1519 cum
2049 1444 2154 1519 in.
2181 1440 2476 1545 plantis
2517 1431 2645 1519 *va-⁷·

590 1562 794 1637 riam
873 1558 1216 1634 habeant
1292 1555 1658 1632 indolem
1721 1555 2179 1634 chemicam.
2241 1624 2244 1629 .
2292 1556 2645 1635 Medulla

595 1672 970 1752 Sambuci
1035 1669 1350 1747 cellulas
1408 1669 1610 1745 mihi
1687 1670 1977 1747 obtulit
2038 1669 2299 1750 multo
2372 1669 2646 1747 minus

577 1786 1315 1887 faciempororum
1365 1806 1552 1885 prae
1603 1807 1687 1858 se
1728 1781 2110 1872 ferentes,
2157 1809 2405 1886 quam
2455 1796 2645 1859 conss·

587 1915 841 1979 textus
893 1898 1255 1997 CycadiS‚
1322 1894 1832 1997 granulisque
1881 1896 2049 1974 sine
2100 1896 2351 1975 dubio
2396 1896 2647 1975 refer·-

585 2031 723 2092 taS.
842 2018 964 2090 De
1037 2010 1335 2109 cellulis
1405 2010 1720 2112 porosis
1803 2008 2363 2091 Coniserarum
2422 2002 2644 2092 infra

590 2130 916 2206 dicetur.
1781 2164 1784 2169 ·
2619 2186 2620 2191 ,

686 2274 689 2279 ·
784 2240 1173 2320 Cellulam
1220 2238 1615 2338 singulam
1660 2239 1989 2316 rubram
2035 2239 2243 2317 inter
2296 2239 2647 2342 reliquas

588 2384 758 2437 non
808 2356 1192 2435 coloratas
1241 2377 1411 2431 non
1459 2379 1640 2431 raro
1691 2354 2051 2457 reperies,
2104 2379 2165 2431 e.
2198 2379 2265 2454 g.
2298 2355 2383 2431 in
2418 2355 2648 2431 caule

585 2471 1072 2577 Impatientis
1119 2468 1643 2557 Balsaminae,
1694 2470 1917 2571 quod
1970 2469 2301 2570 quidem
2348 2469 2646 2571 probat

588 2588 954 2666 cellulam
998 2584 1362 2685 undique
1411 2583 1757 2663 clausam
1792 2601 2010 2660 esse..
2072 2583 2433 2661 Deficere
2465 2609 2644 2661 suc.-

588 2728 778 2779 cum
843 2700 944 2777 ad
1007 2698 1349 2799 reliquas
1400 2698 1717 2775 cellulas
1764 2698 2188 2796 tingendas.
2224 2698 2643 2800 Rudolphi

572 2820 854 2917 (Anat.
936 2842 1011 2917 p.
1089 2815 1299 2910 250.)
1351 2812 1488 2900 ait,
1541 2826 1619 2889 at
1665 2813 1729 2888 si
1778 2812 1981 2888 liber
2028 2826 2226 2888 esset
2255 2812 2647 2889 :transitus

539 3003 543 3014 .
585 2932 799 3011 succi
851 2955 895 3007 e
943 2927 1219 3006 cellula
1267 2929 1354 3002 in
1404 2927 1789 3015 cellulam,
1839 2924 2062 3002 color
2109 2924 2252 3000 iste
2303 2926 2645 3002 circum-

586 3049 920 3150 scriptus
980 3069 1152 3121 non
1203 3057 1440 3131 esset,
1500 3041 1643 3119 sed
1706 3039 1998 3116 sensim
2047 3037 2508 3139 sensimque
2560 3041 2644 3122 iu

585 3163 770 3241 alias
822 3157 1408 3238 diffunderetur
1456 3153 1771 3232 cellulas
1821 3149 2276 3249 adjacentes.

781 3273 1120 3369 Quaevis
1188 3271 1460 3369 itaque
1541 3264 1817 3343 cellula
1894 3289 2254 3365 organon
2303 3281 2436 3344 est
2493 3281 2644 3370 ‘per

583 3412 670 3465 se
720 3387 1049 3463 existens
1064 3441 1082 3470 ,
1134 3397 1211 3458 et
1259 3379 1536 3458 cellula
1587 3378 1896 3479 singula
1921 3395 2066 3458 :aut-
2089 3380 2364 3484 plures
2389 3406 2637 3462 succo

580 3498 958 3606 peculiari
1022 3494 1403 3594 turgidae·
1459 3494 1707 3570 instar
1773 3494 2197 3594 ‚glandulae
2271 3494 2639 3575 conside-

582 3615 736 3693 rari
786 3624 1141 3715 possunt.

771 3732 1205 3816 Humores
1220 3724 1504 3826 itaque
1538 3748 1584 3801 e
1625 3724 1944 3804 cellula
1959 3725 2057 3802 in
2074 3723 2496 3804 :ucellulam
2511 3748 2641 3803 en.-

567 3843 1004 3942 sudatione
1042 3840 1396 3919 transire
1460 3847 1794 3942 oportet
1882 3842 2142 3921 cum
2161 3838 2368 3916 rami
2415 3836 2643 3941 plan·

583 3974 846 4037 tarum
925 3955 1426 4061 liquoribus
1450 3953 1821 4032 colomtis
1899 3953 2481 4038 immittuntur,
2541 3950 2638 4029 hi
2753 4057 2758 4060 ,

585 4098 783 4152 non
824 4083 1234 4150 transeunt
1277 4068 1395 4148 in
1432 4067 1787 4155 cellulas,
1831 4068 1986 4148 rusi
2036 4068 2334 4147 calore
2336 4087 2636 4166 Wexpan
