2843 4800
827 338 945 410 ΙΝ
970 334 1120 408 ΤΕ
1143 328 1756 410 GUMEN'TA.
2164 331 2314 405 233

274 540 477 635 139.
600 486 1009 657 Papillae
1091 563 1269 625 seu
1359 482 1744 652 papulae
1816 503 2048 621 sunt
2130 531 2315 621 cel-

349 680 652 768 'lulae
716 674 1531 797 parenchymatis
1589 700 1889 790 supra
1935 670 2318 789 epider-

396 818 779 908 midem
848 819 1302 906 elevatae.

466 994 533 1069 A
583 989 975 1088 glandulis
1028 986 1426 1073 differunt,
1480 983 1703 1085 quod
1750 998 2002 1061 totam
2049 1008 2318 1083 super-

274 1099 540 1179 ficiem
590 1118 878 1203 tegant,
932 1116 1066 1177 aut
1112 1100 1638 1198 irregulariter
1683 1099 1768 1173 in
1811 1099 1977 1199 ipsa
2013 1123 2321 1174 coacer-

276 1232 492 1294 vatae
558 1221 740 1306 sint,
805 1215 1157 1313 singulae
1215 1214 1779 1315 prominentes
1882 1212 2321 1289 Glandulae

280 1346 643 1407 constant
715 1357 758 1408 e
834 1329 1135 1406 cellulis
1211 1342 1416 1403 extra
1492 1327 2068 1428 epidermidem
2107 1380 2110 1383 -
2152 1351 2321 1403 non

283 1443 698 1533 distinctis,
764 1447 965 1521 intra
1030 1445 1283 1545 ipsam
1341 1441 1429 1516 in
1501 1440 1847 1517 formam
1907 1443 2323 1540 globosam

284 1573 421 1633 aut
470 1561 1035 1658 subglobosam
1086 1554 1570 1633 coacervatis,

476 1676 884 1750 Interdum
948 1687 1201 1750 totam
1264 1670 1596 1744 herbam
1659 1682 1959 1767 tegunt,
2025 1670 2323 1746 cellulis

281 1787 640 1861 maximis
690 1813 926 1875 succo
961 1784 1474 1884 turgentibus
1512 1784 1867 1885 exemplo
1904 1785 2319 1861 notissimo

279 1900 1058 1977 Mesembriamhemi
1111 1898 1547 1995 crystallini.
1656 1903 1755 1974 Et
1801 1900 1886 1973 in
1937 1898 2101 1974 aliis
2151 1922 2324 1973 suc-

281 2014 608 2090 culentis
658 2039 906 2089 unam
959 2013 1283 2111 aliamve
1332 2027 1635 2113 partem
1685 2026 1975 2110 tegunt.

471 2128 691 2204 Folia
754 2134 1223 2204 Muscorum
1288 2127 1741 2227 saepissime
1797 2126 2103 2228 papillis
2175 2127 2325 2201 mi-

284 2242 494 2316 nutis
557 2256 717 2317 tota
764 2257 1082 2343 quanta
1147 2242 1456 2318 obtecta
1513 2255 1725 2329 sunt,
1803 2242 1998 2316 sub
2022 2243 2327 2319 ‚micro-

284 2355 559 2454 scopio
645 2357 1097 2457 composito
1161 2370 1470 2433 tantum
1538 2357 2040 2488 conspicuae,
2108 2356 2327 2435 unde

288 2468 502 2542 nitor
548 2469 980 2569 peculiaris.
1887 2533 1894 2542 ‚

481 2584 740 2658 Petala
806 2586 1171 2661 omnium
1231 2582 1394 2660 sere
1443 2584 1888 2684 plantarum
1935 2586 2147 2670 hisce
2194 2614 2329 2688 pa-

286 2695 495 2797 pillis
534 2697 839 2774 obtecta
871 2714 1069 2788 sunt,
1117 2698 1334 2775 unde
1373 2700 1585 2778 nitor
1633 2713 1892 2795 gratus
1933 2699 2325 2775 velutinus

285 2812 575 2887 harum
639 2813 1002 2912 partium.
1113 2811 1372 2887 Petala
1460 2812 2040 2909 Plantaginum,
2124 2838 2328 2913 quae

286 2927 593 3027 papillis
630 2941 907 3014 carent,
935 2928 1241 3004 huncce
1276 2925 1619 2999 nitorem
1655 2949 1819 3004 non
1859 2926 2301 3001 ostendunt.

480 3040 893 3116 Interdum
956 3041 1130 3118 loca
1195 3038 1584 3140 quaedam
1638 3038 1978 3113 corollae
2024 3039 2327 3139 papillis

264 3156 748 3254 praesertim
814 3156 1111 3231 obsitae
1163 3168 1374 3241 sunt,
1425 3167 1516 3228 ut
1561 3177 1835 3251 margo
1887 3155 2331 3249 segmento-

289 3293 478 3341 rum
555 3268 896 3346 corollae
971 3269 1057 3343 in
1139 3267 1619 3369 Compositis
1693 3269 1789 3343 ab
1876 3269 2331 3354 auctoribus

178 3387 185 3392 ’
290 3406 464 3457 non
510 3381 917 3462 indicatus

484 3500 577 3571 In
652 3499 1141 3595 stigmatibus
1213 3495 1663 3597 frequentes
1738 3510 1953 3585 sunt,
2023 3513 2155 3574 aut
2214 3499 2332 3599 ip-

292 3637 475 3686 sum
557 3599 985 3713 aequaliter
1060 3612 1546 3708 obtegenteS,
1622 3625 1754 3686 aut
1825 3612 1910 3687 in
1978 3615 2192 3713 apice
2259 3625 2334 3686 et

292 3726 643 3826 apicibus
716 3727 925 3801 varie
1001 3723 1548 3800 accumulatae.
1680 3728 2024 3802 Succum
2087 3750 2333 3800 secer-

291 3853 497 3914 nunt
559 3840 993 3926 viscosum,
1060 3853 1136 3914 et
1182 3837 1415 3914 hanc
1439 3840 1544 3915 ob
1595 3861 1766 3914 rem
1820 3837 1918 3913 ad
1971 3852 2333 3913 naturam

294 3952 853 4049 glandularum
905 3951 1302 4029 accedunt

484 4067 830 4168 Papulae
876 4064 1213 4164 majores
1264 4066 1656 4151 dicuntur,
1705 4088 1907 4167 quae
1938 4064 2152 4142 ultra
2184 4068 2331 4143 cel-
