2843 4800
536 344 686 419 33⁰
1275 289 1853 426 moerus,

538 541 1141 644 sporophorum
1210 542 1556 641 longius*
1603 555 1779 633 est-f
1803 555 2114 632 ..erecta‚
2184 544 2253 620 si
2299 543 2600 621 brevis·

538 681 857 733 simum.
2107 739 2118 750 ,

602 815 607 822 -
735 769 1172 869 singularia
1223 786 1410 850 sunt
1457 770 1761 854 semina
1807 771 2134 852 valvulis
2174 771 2597 875 pericarpii

284 963 297 978 s
398 988 405 996 ι
538 898 677 961 aut
723 883 1307 985 dissepimentis
1355 885 1727 989 imposita
1776 882 2003 966 nullo
2051 884 2415 964 funiculo
2477 912 2600 965 se·

535 997 813 1074 minali
861 996 1267 1087 instructa,
1317 1023 1465 1076 nec
1512 998 1888 1077 fasciculo
1926 1001 2244 1079 cuidam
2276 999 2595 1099 lignoso

537 1113 740 1189 intra
803 1113 1336 1215 pericarpium
1402 1113 1719 1191 adnexa.
1840 1116 2123 1192 Foveis
2195 1117 2597 1193 membra-

538 1252 686 1303 nae
749 1227 1075 1303 intimae
1122 1228 1412 1303 inserta
1474 1239 1690 1315 sunt,
1752 1241 1832 1304 et
1879 1252 2066 1305 cum
2116 1229 2596 1318 exciderunt,

538 1367 771 1443 saepe
797 1341 1375 1445 foraminulum
1403 1340 1886 1444 relinquunt.
1934 1342 2120 1421 Vidi
2153 1343 2239 1419 in
2278 1344 2595 1421 Gentia-

537 1455 739 1545 neis,
788 1456 1245 1557 praesertim
1299 1455 1696 1532 Gentiana*
1730 1454 1961 1544 lutea,
2000 1471 2166 1534 rete
2197 1482 2593 1547 vasorum,

540 1569 767 1672 quod
827 1571 917 1645 in
975 1570 1301 1646 valvulis
1348 1568 1764 1670 pericarpii
1833 1568 2136 1671 optime
2202 1571 2593 1673 conspici-

536 1698 702 1772 tur,
774 1683 1091 1761 nullum
1156 1684 1449 1760 habere
1520 1703 1818 1758 nexum
1875 1708 2065 1760 cum
2124 1686 2591 1773 seminibus,

542 1813 620 1875 et
677 1796 1143 1876 fasciculum
1206 1796 1476 1873 modo
1531 1796 1683 1872 sub
1748 1796 1949 1887 istis,
2015 1797 2273 1875 modo
2337 1822 2596 1900 prope

537 1914 717 2002 ista,
781 1912 1038 1990 modo
1105 1912 1425 2010 longius
1487 1922 1896 1987 remotum
1956 1935 2280 1988 cursum
2346 1937 2590 1990 suum

539 2041 826 2105 tenere.
924 2025 1070 2105 ‘An
1131 2025 1484 2104 fasciculi
1548 2026 1837 2126 lignosi
1903 2025 2231 2104 tandem
2281 2024 2593 2102 oblitte-

538 2145 859 2219 rantur?
1554 2163 1565 2176 “

541 2315 746 2406 185.
868 2294 1645 2434 Metamorphosis
1734 2311 2278 2436 pericarpii
2378 2340 2591 2402 ver-

636 2482 826 2576 xsus
948 2455 1735 2547 maturationem
1848 2452 1967 2546 fit
2074 2450 2595 2553 interdum

656 2579 715 2686 'o
723 2599 1304 2686 blz'tteratz'one
1355 2609 1528 2686 aut
1587 2599 2148 2713 induratione
2198 2600 2599 2712 partium

664 2732 1296 2857 quarundam
1329 2806 1349 2837 ,
1455 2737 1562 2825 in
1652 2734 2328 2825 maturatione
2423 2743 2599 2821 aut

518 2890 525 2905 “
657 2881 1192 2966 succ-alentio
1266 2888 1438 2966 aut
1500 2882 2089 2967 exsiccatione
2155 2887 2254 2964 et
2315 2876 2595 2963 dehis-

663 3023 966 3107 centia.
2311 3024 2314 3027 ’

731 3169 1339 3249 oblitteratione
1398 3182 1656 3272 partes
1722 3167 1807 3243 in
1880 3166 2240 3266 germine
2317 3165 2593 3244 obvias

537 3297 807 3386 postea
876 3282 1176 3359 destrui
1241 3297 1625 3359 testantur
1681 3281 1985 3359 fructus
2041 3279 2596 3359 Valerianella·

536 3424 723 3474 rum
791 3398 930 3499 qui
989 3395 1480 3474 triloculares
1543 3398 1772 3473 initio
1836 3409 2053 3486 sunt,
2101 3407 2280 3472 tum
2325 3395 2594 3474 unilo-

533 3510 840 3587 culares
887 3508 1126 3598 fiunt,
1174 3510 1730 3588 loculamentis
1764 3508 2088 3588 duobus
2126 3532 2597 3587 evanescen-

536 3626 769 3703 tibus.
902 3623 1148 3719 Quod
1223 3624 1556 3727 quidem
1620 3627 1705 3702 in
1769 3625 2044 3702 multis
2093 3624 2264 3701 aliis
2310 3623 2594 3700 locum

537 3741 794 3818 habet.
906 3738 1111 3815 Hinc
1171 3739 1520 3845 Richard
1583 3741 1773 3839 (An.
1826 3739 1900 3816 d.
1949 3738 2044 3817 fr.
2092 3766 2166 3842 p.
2202 3738 2382 3835 47.)
2435 3736 2593 3813 dis-

539 3854 1057 3956 quisitionem
1139 3853 1513 3953 germinis
1595 3853 1819 3931 valde
1894 3851 2438 3940 commendat,
2516 3864 2595 3927 et

537 3973 631 4045 R„
694 3972 984 4045 Brovvn
1046 3967 1459 4044 utilitatem
1510 3966 1749 4066 hujus
1801 3966 2376 4069 disquisitionis
2425 3990 2591 4044 sae-

539 4082 864 4185 pissime
915 4082 1289 4184 exemplis
1316 4082 1905 4184 comprobavit.
2009 4162 2014 4169 ,
