<?xml version="1.0" encoding="UTF-8"?>
<!DOCTYPE html PUBLIC "-//W3C//DTD XHTML 1.0 Transitional//EN"
    "http://www.w3.org/TR/xhtml1/DTD/xhtml1-transitional.dtd">
<html xmlns="http://www.w3.org/1999/xhtml" xml:lang="en" lang="en">
 <head>
  <title>
</title>
<meta http-equiv="Content-Type" content="text/html;charset=utf-8" />
  <meta name='ocr-system' content='tesseract 3.04.00' />
  <meta name='ocr-capabilities' content='ocr_page ocr_carea ocr_par ocr_line ocrx_word'/>
</head>
<body>
  <div class='ocr_page' id='page_1' title='image "./elementaphiloso01linkgoog_0210.png"; bbox 0 0 2843 4800; ppageno 0'>
   <div class='ocr_carea' id='block_1_1' title="bbox 503 272 1830 393">
    <p class='ocr_par' dir='ltr' id='par_1_1' title="bbox 503 272 1830 393">
     <span class='ocr_line' id='line_1_1' title="bbox 503 272 1830 393; baseline 0.001 -5"><span class='ocrx_word' id='word_1_1' title='bbox 503 315 652 388; x_wconf 63' lang='grc' dir='ltr'>Μ</span> <span class='ocrx_word' id='word_1_2' title='bbox 838 362 842 368; x_wconf 24' lang='grc' dir='ltr'>ι</span> <span class='ocrx_word' id='word_1_3' title='bbox 1178 320 1180 323; x_wconf 65' lang='grc'>’</span> <span class='ocrx_word' id='word_1_4' title='bbox 1343 272 1830 393; x_wconf 49' lang='lat' dir='ltr'><strong>roma.x</strong></span> 
     </span>
    </p>
   </div>
   <div class='ocr_carea' id='block_1_2' title="bbox 502 511 2652 2011">
    <p class='ocr_par' dir='ltr' id='par_1_2' title="bbox 503 511 2630 1527">
     <span class='ocr_line' id='line_1_2' title="bbox 704 511 2565 620; baseline 0.003 -31"><span class='ocrx_word' id='word_1_5' title='bbox 704 511 1140 610; x_wconf 81' lang='lat' dir='ltr'>Singularis</span> <span class='ocrx_word' id='word_1_6' title='bbox 1236 527 1352 589; x_wconf 85' lang='lat' dir='ltr'><strong>est</strong></span> <span class='ocrx_word' id='word_1_7' title='bbox 1437 515 1773 590; x_wconf 84' lang='lat' dir='ltr'><strong>mutatio</strong></span> <span class='ocrx_word' id='word_1_8' title='bbox 1856 515 2131 616; x_wconf 82' lang='lat' dir='ltr'><strong>petioli</strong></span> <span class='ocrx_word' id='word_1_9' title='bbox 2214 517 2300 591; x_wconf 88' lang='lat' dir='ltr'><strong>in</strong></span> <span class='ocrx_word' id='word_1_10' title='bbox 2386 544 2565 620; x_wconf 86' lang='lat' dir='ltr'><strong>par-</strong></span> 
     </span>
     <span class='ocr_line' id='line_1_3' title="bbox 505 627 2567 729; baseline 0.002 -26"><span class='ocrx_word' id='word_1_11' title='bbox 505 641 622 703; x_wconf 74' lang='lat' dir='ltr'><strong>tes</strong></span> <span class='ocrx_word' id='word_1_12' title='bbox 670 627 1068 716; x_wconf 80' lang='lat' dir='ltr'><strong>foliaceaS‚</strong></span> <span class='ocrx_word' id='word_1_13' title='bbox 1135 652 1379 729; x_wconf 87' lang='lat' dir='ltr'><strong>quam</strong></span> <span class='ocrx_word' id='word_1_14' title='bbox 1455 629 1542 703; x_wconf 88' lang='lat' dir='ltr'><strong>in</strong></span> <span class='ocrx_word' id='word_1_15' title='bbox 1592 630 1889 706; x_wconf 87' lang='lat' dir='ltr'><strong>Acaciis</strong></span> <span class='ocrx_word' id='word_1_16' title='bbox 1938 631 2371 707; x_wconf 84' lang='lat' dir='ltr'><strong>Australiae</strong></span> <span class='ocrx_word' id='word_1_17' title='bbox 2423 635 2567 708; x_wconf 90' lang='lat' dir='ltr'><strong>ob-</strong></span> 
     </span>
     <span class='ocr_line' id='line_1_4' title="bbox 507 743 2569 823; baseline 0.003 -6"><span class='ocrx_word' id='word_1_18' title='bbox 507 767 928 818; x_wconf 81' lang='lat' dir='ltr'><strong>servamus.</strong></span> <span class='ocrx_word' id='word_1_19' title='bbox 1040 743 1168 818; x_wconf 78' lang='lat' dir='ltr'><strong>Fit</strong></span> <span class='ocrx_word' id='word_1_20' title='bbox 1229 743 1444 818; x_wconf 85' lang='lat' dir='ltr'><strong>enirn</strong></span> <span class='ocrx_word' id='word_1_21' title='bbox 1510 750 1676 818; x_wconf 81' lang='lat' dir='ltr'><strong>non</strong></span> <span class='ocrx_word' id='word_1_22' title='bbox 1745 744 1894 819; x_wconf 89' lang='lat' dir='ltr'><strong>nisi</strong></span> <span class='ocrx_word' id='word_1_23' title='bbox 1959 745 2045 820; x_wconf 84' lang='lat' dir='ltr'><strong>in</strong></span> <span class='ocrx_word' id='word_1_24' title='bbox 2109 746 2437 822; x_wconf 82' lang='lat' dir='ltr'>caulinis</span> <span class='ocrx_word' id='word_1_25' title='bbox 2489 761 2569 823; x_wconf 83' lang='lat' dir='ltr'><strong>et</strong></span> 
     </span>
     <span class='ocr_line' id='line_1_5' title="bbox 508 857 2630 958; baseline 0.001 -25"><span class='ocrx_word' id='word_1_26' title='bbox 508 859 832 944; x_wconf 84' lang='lat' dir='ltr'><strong>sensim,</strong></span> <span class='ocrx_word' id='word_1_27' title='bbox 915 858 1019 932; x_wconf 86' lang='lat' dir='ltr'><strong>ita</strong></span> <span class='ocrx_word' id='word_1_28' title='bbox 1086 872 1178 932; x_wconf 86' lang='lat' dir='ltr'><strong>ut</strong></span> <span class='ocrx_word' id='word_1_29' title='bbox 1241 884 1404 957; x_wconf 91' lang='lat' dir='ltr'><strong>quo</strong></span> <span class='ocrx_word' id='word_1_30' title='bbox 1458 860 1707 956; x_wconf 87' lang='lat' dir='ltr'><strong>magis</strong></span> <span class='ocrx_word' id='word_1_31' title='bbox 1757 857 1922 947; x_wconf 85' lang='lat' dir='ltr'><strong>fiat,</strong></span> <span class='ocrx_word' id='word_1_32' title='bbox 2009 885 2107 935; x_wconf 88' lang='lat' dir='ltr'><strong>eo</strong></span> <span class='ocrx_word' id='word_1_33' title='bbox 2157 861 2408 958; x_wconf 83' lang='lat' dir='ltr'><strong>magis</strong></span> <span class='ocrx_word' id='word_1_34' title='bbox 2458 860 2567 937; x_wconf 84' lang='lat' dir='ltr'><strong>la·</strong></span> <span class='ocrx_word' id='word_1_35' title='bbox 2624 906 2630 912; x_wconf 91' lang='lat'><em>-</em></span> 
     </span>
     <span class='ocr_line' id='line_1_6' title="bbox 505 968 2567 1075; baseline 0.001 -28"><span class='ocrx_word' id='word_1_36' title='bbox 505 973 723 1048; x_wconf 88' lang='lat' dir='ltr'><strong>mina</strong></span> <span class='ocrx_word' id='word_1_37' title='bbox 774 971 947 1072; x_wconf 80' lang='lat' dir='ltr'><strong>folii</strong></span> <span class='ocrx_word' id='word_1_38' title='bbox 1000 968 1441 1073; x_wconf 74' lang='lat' dir='ltr'><strong>composita</strong></span> <span class='ocrx_word' id='word_1_39' title='bbox 1496 972 1993 1073; x_wconf 82' lang='lat' dir='ltr'><strong>deliquescat,</strong></span> <span class='ocrx_word' id='word_1_40' title='bbox 2064 973 2322 1050; x_wconf 89' lang='lat' dir='ltr'><strong>donec</strong></span> <span class='ocrx_word' id='word_1_41' title='bbox 2361 974 2567 1075; x_wconf 20' lang='lat' dir='ltr'><strong>*haec</strong></span> 
     </span>
     <span class='ocr_line' id='line_1_7' title="bbox 504 1085 2567 1191; baseline 0.001 -31"><span class='ocrx_word' id='word_1_42' title='bbox 504 1085 739 1191; x_wconf 86' lang='lat' dir='ltr'><strong>plane</strong></span> <span class='ocrx_word' id='word_1_43' title='bbox 792 1086 1220 1179; x_wconf 71' lang='lat' dir='ltr'><strong>evanuerit.</strong></span> <span class='ocrx_word' id='word_1_44' title='bbox 1337 1088 1439 1163; x_wconf 80' lang='lat' dir='ltr'><strong>At</strong></span> <span class='ocrx_word' id='word_1_45' title='bbox 1501 1085 1791 1163; x_wconf 86' lang='lat' dir='ltr'><strong>folium</strong></span> <span class='ocrx_word' id='word_1_46' title='bbox 1853 1112 2132 1164; x_wconf 86' lang='lat' dir='ltr'><strong>verum</strong></span> <span class='ocrx_word' id='word_1_47' title='bbox 2200 1113 2368 1171; x_wconf 86' lang='lat' dir='ltr'><strong>non</strong></span> <span class='ocrx_word' id='word_1_48' title='bbox 2434 1103 2567 1177; x_wconf 84' lang='lat' dir='ltr'><strong>est,</strong></span> 
     </span>
     <span class='ocr_line' id='line_1_8' title="bbox 503 1199 2563 1304; baseline 0.001 -26"><span class='ocrx_word' id='word_1_49' title='bbox 503 1202 834 1304; x_wconf 81' lang='lat' dir='ltr'>paginae</span> <span class='ocrx_word' id='word_1_50' title='bbox 900 1201 1115 1277; x_wconf 91' lang='lat' dir='ltr'><strong>enim</strong></span> <span class='ocrx_word' id='word_1_51' title='bbox 1178 1222 1348 1276; x_wconf 89' lang='lat' dir='ltr'><strong>non</strong></span> <span class='ocrx_word' id='word_1_52' title='bbox 1415 1199 1844 1297; x_wconf 61' lang='lat' dir='ltr'><strong>differunt.</strong></span> <span class='ocrx_word' id='word_1_53' title='bbox 1907 1210 2196 1279; x_wconf 86' lang='lat' dir='ltr'><strong>nervus</strong></span> <span class='ocrx_word' id='word_1_54' title='bbox 2270 1203 2563 1304; x_wconf 86' lang='lat' dir='ltr'><strong>prima-</strong></span> 
     </span>
     <span class='ocr_line' id='line_1_9' title="bbox 503 1308 2566 1415; baseline 0 -23"><span class='ocrx_word' id='word_1_55' title='bbox 503 1318 672 1393; x_wconf 90' lang='lat' dir='ltr'><strong>rius</strong></span> <span class='ocrx_word' id='word_1_56' title='bbox 748 1316 996 1403; x_wconf 80' lang='lat' dir='ltr'><strong>deest,</strong></span> <span class='ocrx_word' id='word_1_57' title='bbox 1073 1329 1150 1390; x_wconf 81' lang='lat' dir='ltr'><strong>et</strong></span> <span class='ocrx_word' id='word_1_58' title='bbox 1210 1315 1432 1390; x_wconf 81' lang='lat' dir='ltr'><strong>nervi</strong></span> <span class='ocrx_word' id='word_1_59' title='bbox 1497 1317 1647 1392; x_wconf 91' lang='lat' dir='ltr'><strong>sub</strong></span> <span class='ocrx_word' id='word_1_60' title='bbox 1717 1317 2036 1415; x_wconf 46' lang='lat' dir='ltr'><strong>angulis*</strong></span> <span class='ocrx_word' id='word_1_61' title='bbox 2089 1308 2333 1395; x_wconf 80' lang='lat' dir='ltr'><strong>acutis</strong></span> <span class='ocrx_word' id='word_1_62' title='bbox 2386 1343 2566 1394; x_wconf 89' lang='lat' dir='ltr'><strong>ana-</strong></span> 
     </span>
     <span class='ocr_line' id='line_1_10' title="bbox 506 1427 1351 1527; baseline -0.004 -22"><span class='ocrx_word' id='word_1_63' title='bbox 506 1431 841 1507; x_wconf 83' lang='lat' dir='ltr'><strong>stomosi</strong></span> <span class='ocrx_word' id='word_1_64' title='bbox 890 1427 1351 1527; x_wconf 81' lang='lat' dir='ltr'><strong>junguntur.</strong></span> 
     </span>
    </p>

    <p class='ocr_par' dir='ltr' id='par_1_3' title="bbox 502 1542 2652 1992">
     <span class='ocr_line' id='line_1_11' title="bbox 703 1542 2562 1646; baseline 0 -25"><span class='ocrx_word' id='word_1_65' title='bbox 703 1542 947 1643; x_wconf 81' lang='lat' dir='ltr'><strong>Quod</strong></span> <span class='ocrx_word' id='word_1_66' title='bbox 996 1546 1082 1621; x_wconf 90' lang='lat' dir='ltr'><strong>in</strong></span> <span class='ocrx_word' id='word_1_67' title='bbox 1131 1545 1485 1621; x_wconf 88' lang='lat' dir='ltr'><strong>Dionaea</strong></span> <span class='ocrx_word' id='word_1_68' title='bbox 1534 1545 2011 1646; x_wconf 85' lang='lat' dir='ltr'><strong>Muscipula,</strong></span> <span class='ocrx_word' id='word_1_69' title='bbox 2070 1547 2562 1634; x_wconf 79' lang='lat' dir='ltr'><strong>SarraceniiS,</strong></span> 
     </span>
     <span class='ocr_line' id='line_1_12' title="bbox 502 1656 2566 1765; baseline 0 -29"><span class='ocrx_word' id='word_1_70' title='bbox 502 1661 920 1761; x_wconf 85' lang='lat' dir='ltr'><strong>Nepenthe</strong></span> <span class='ocrx_word' id='word_1_71' title='bbox 979 1657 1217 1757; x_wconf 84' lang='lat' dir='ltr'><strong>vulgo</strong></span> <span class='ocrx_word' id='word_1_72' title='bbox 1281 1656 1575 1735; x_wconf 86' lang='lat' dir='ltr'><strong>folium</strong></span> <span class='ocrx_word' id='word_1_73' title='bbox 1636 1675 1995 1749; x_wconf 84' lang='lat' dir='ltr'><strong>vocatur,</strong></span> <span class='ocrx_word' id='word_1_74' title='bbox 2062 1675 2176 1737; x_wconf 82' lang='lat' dir='ltr'><strong>est</strong></span> <span class='ocrx_word' id='word_1_75' title='bbox 2222 1661 2566 1765; x_wconf 86' lang='lat' dir='ltr'><strong>petiolus</strong></span> 
     </span>
     <span class='ocr_line' id='line_1_13' title="bbox 505 1774 2652 1876; baseline 0 -25"><span class='ocrx_word' id='word_1_76' title='bbox 505 1775 983 1857; x_wconf 80' lang='lat' dir='ltr'><strong>auriculatus</strong></span> <span class='ocrx_word' id='word_1_77' title='bbox 1060 1789 1136 1850; x_wconf 84' lang='lat' dir='ltr'><strong>et</strong></span> <span class='ocrx_word' id='word_1_78' title='bbox 1204 1774 1596 1876; x_wconf 83' lang='lat' dir='ltr'><strong>appendix</strong></span> <span class='ocrx_word' id='word_1_79' title='bbox 1669 1775 1780 1849; x_wconf 89' lang='lat' dir='ltr'><strong>sic</strong></span> <span class='ocrx_word' id='word_1_80' title='bbox 1874 1775 2076 1852; x_wconf 85' lang='lat' dir='ltr'><strong>dicta</strong></span> <span class='ocrx_word' id='word_1_81' title='bbox 2180 1775 2352 1852; x_wconf 88' lang='lat' dir='ltr'><strong>folii</strong></span> <span class='ocrx_word' id='word_1_82' title='bbox 2452 1790 2570 1852; x_wconf 84' lang='lat' dir='ltr'><strong>est</strong></span> <span class='ocrx_word' id='word_1_83' title='bbox 2643 1778 2652 1789; x_wconf 91' lang='lat'>&#39;</span> 
     </span>
     <span class='ocr_line' id='line_1_14' title="bbox 504 1870 1255 2011; baseline -0.003 -45"><span class='ocrx_word' id='word_1_84' title='bbox 504 1891 669 1992; x_wconf 90' lang='lat' dir='ltr'><strong>ipsa</strong></span> <span class='ocrx_word' id='word_1_85' title='bbox 721 1890 894 1967; x_wconf 86' lang='lat' dir='ltr'><strong>folii</strong></span> <span class='ocrx_word' id='word_1_86' title='bbox 943 1870 1255 2011; x_wconf 82' lang='lat' dir='ltr'><strong>lamina.</strong></span> 
     </span>
    </p>
   </div>
   <div class='ocr_carea' id='block_1_3' title="bbox 507 2113 2566 2654">
    <p class='ocr_par' dir='ltr' id='par_1_4' title="bbox 507 2113 2566 2654">
     <span class='ocr_line' id='line_1_15' title="bbox 507 2113 2562 2232; baseline 0 -29"><span class='ocrx_word' id='word_1_87' title='bbox 507 2119 708 2205; x_wconf 79' lang='lat'><strong>122.</strong></span> <span class='ocrx_word' id='word_1_88' title='bbox 791 2115 1103 2204; x_wconf 79' lang='lat' dir='ltr'><strong>.F0lza</strong></span> <span class='ocrx_word' id='word_1_89' title='bbox 1185 2115 1560 2204; x_wconf 79' lang='lat' dir='ltr'><strong>Filzcum</strong></span> <span class='ocrx_word' id='word_1_90' title='bbox 1642 2142 1728 2211; x_wconf 72' lang='lat' dir='ltr'><strong>a,</strong></span> <span class='ocrx_word' id='word_1_91' title='bbox 1804 2113 2214 2232; x_wconf 87' lang='lat' dir='ltr'><strong>reliquis</strong></span> <span class='ocrx_word' id='word_1_92' title='bbox 2315 2129 2562 2204; x_wconf 86' lang='lat' dir='ltr'><strong>stru-</strong></span> 
     </span>
     <span class='ocr_line' id='line_1_16' title="bbox 629 2250 2564 2371; baseline 0.001 -28"><span class='ocrx_word' id='word_1_93' title='bbox 629 2267 914 2345; x_wconf 84' lang='lat' dir='ltr'><strong>ctura</strong></span> <span class='ocrx_word' id='word_1_94' title='bbox 994 2282 1213 2341; x_wconf 88' lang='lat' dir='ltr'><strong>non</strong></span> <span class='ocrx_word' id='word_1_95' title='bbox 1302 2250 1821 2354; x_wconf 83' lang='lat' dir='ltr'><strong>disserunt,</strong></span> <span class='ocrx_word' id='word_1_96' title='bbox 1878 2257 2136 2371; x_wconf 79' lang='lat' dir='ltr'><strong>folia</strong></span> <span class='ocrx_word' id='word_1_97' title='bbox 2194 2259 2564 2345; x_wconf 80' lang='lat' dir='ltr'><strong>·Musco-</strong></span> 
     </span>
     <span class='ocr_line' id='line_1_17' title="bbox 610 2388 2566 2518; baseline 0.002 -34"><span class='ocrx_word' id='word_1_98' title='bbox 610 2388 822 2484; x_wconf 69' lang='lat' dir='ltr'><strong>&#39;rum</strong></span> <span class='ocrx_word' id='word_1_99' title='bbox 924 2391 1260 2481; x_wconf 83' lang='lat' dir='ltr'><strong>nervis</strong></span> <span class='ocrx_word' id='word_1_100' title='bbox 1354 2393 1969 2518; x_wconf 71' lang='lat' dir='ltr'><strong>lateralibus,</strong></span> <span class='ocrx_word' id='word_1_101' title='bbox 2067 2424 2366 2516; x_wconf 86' lang='lat' dir='ltr'><strong>saepe</strong></span> <span class='ocrx_word' id='word_1_102' title='bbox 2466 2411 2566 2487; x_wconf 84' lang='lat' dir='ltr'><strong>et</strong></span> 
     </span>
     <span class='ocr_line' id='line_1_18' title="bbox 623 2525 2055 2654; baseline 0.003 -32"><span class='ocrx_word' id='word_1_103' title='bbox 623 2525 1113 2654; x_wconf 84' lang='lat' dir='ltr'><strong>primario</strong></span> <span class='ocrx_word' id='word_1_104' title='bbox 1186 2535 1609 2646; x_wconf 83' lang='lat' dir='ltr'><strong>omnino</strong></span> <span class='ocrx_word' id='word_1_105' title='bbox 1681 2550 2055 2627; x_wconf 84' lang='lat' dir='ltr'><strong>carent.</strong></span> 
     </span>
    </p>
   </div>
   <div class='ocr_carea' id='block_1_4' title="bbox 499 2695 2564 3379">
    <p class='ocr_par' dir='ltr' id='par_1_5' title="bbox 499 2695 2564 3379">
     <span class='ocr_line' id='line_1_19' title="bbox 693 2695 2562 2806; baseline 0.001 -22"><span class='ocrx_word' id='word_1_106' title='bbox 693 2707 918 2784; x_wconf 86' lang='lat' dir='ltr'><strong>Folia</strong></span> <span class='ocrx_word' id='word_1_107' title='bbox 979 2706 1320 2786; x_wconf 86' lang='lat' dir='ltr'><strong>Filicum</strong></span> <span class='ocrx_word' id='word_1_108' title='bbox 1388 2733 1430 2783; x_wconf 92' lang='lat' dir='ltr'><strong>a</strong></span> <span class='ocrx_word' id='word_1_109' title='bbox 1492 2695 1705 2784; x_wconf 74' lang='lat' dir='ltr'><strong>foliis</strong></span> <span class='ocrx_word' id='word_1_110' title='bbox 1754 2708 2562 2806; x_wconf 78' lang='lat' dir='ltr'><strong>Monocotyledonea-</strong></span> 
     </span>
     <span class='ocr_line' id='line_1_20' title="bbox 500 2820 2564 2922; baseline 0 -23"><span class='ocrx_word' id='word_1_111' title='bbox 500 2850 686 2899; x_wconf 89' lang='lat' dir='ltr'><strong>rum</strong></span> <span class='ocrx_word' id='word_1_112' title='bbox 736 2823 1206 2922; x_wconf 85' lang='lat' dir='ltr'><strong>neutiquam</strong></span> <span class='ocrx_word' id='word_1_113' title='bbox 1259 2820 1659 2899; x_wconf 86' lang='lat' dir='ltr'><strong>differunt.</strong></span> <span class='ocrx_word' id='word_1_114' title='bbox 1756 2826 2107 2910; x_wconf 85' lang='lat' dir='ltr'><strong>Petiolus</strong></span> <span class='ocrx_word' id='word_1_115' title='bbox 2147 2821 2564 2916; x_wconf 89' lang='lat' dir='ltr'><strong>fasciculos</strong></span> 
     </span>
     <span class='ocr_line' id='line_1_21' title="bbox 499 2934 2563 3038; baseline -0.002 -25"><span class='ocrx_word' id='word_1_116' title='bbox 499 2938 805 3035; x_wconf 84' lang='lat' dir='ltr'><strong>ligneos</strong></span> <span class='ocrx_word' id='word_1_117' title='bbox 874 2962 1185 3038; x_wconf 88' lang='lat' dir='ltr'><strong>sparsos</strong></span> <span class='ocrx_word' id='word_1_118' title='bbox 1263 2939 1645 3025; x_wconf 86' lang='lat' dir='ltr'><strong>continet,</strong></span> <span class='ocrx_word' id='word_1_119' title='bbox 1712 2940 1828 3012; x_wconf 82' lang='lat' dir='ltr'><strong>uti</strong></span> <span class='ocrx_word' id='word_1_120' title='bbox 1880 2939 1961 3011; x_wconf 91' lang='lat' dir='ltr'><strong>in</strong></span> <span class='ocrx_word' id='word_1_121' title='bbox 2014 2934 2563 3030; x_wconf 86' lang='lat' dir='ltr'><strong>Monocotyle-</strong></span> 
     </span>
     <span class='ocr_line' id='line_1_22' title="bbox 504 3033 2560 3154; baseline -0.003 -24"><span class='ocrx_word' id='word_1_122' title='bbox 504 3053 785 3130; x_wconf 88' lang='lat' dir='ltr'><strong>doneis</strong></span> <span class='ocrx_word' id='word_1_123' title='bbox 848 3049 1235 3128; x_wconf 86' lang='lat' dir='ltr'><strong>videmus.</strong></span> <span class='ocrx_word' id='word_1_124' title='bbox 1356 3055 1568 3130; x_wconf 83' lang='lat' dir='ltr'><strong>Cum</strong></span> <span class='ocrx_word' id='word_1_125' title='bbox 1627 3074 1818 3124; x_wconf 87' lang='lat' dir='ltr'><strong>vero</strong></span> <span class='ocrx_word' id='word_1_126' title='bbox 1872 3045 2221 3128; x_wconf 81' lang='lat' dir='ltr'><strong>fasciculi</strong></span> <span class='ocrx_word' id='word_1_127' title='bbox 2272 3033 2560 3154; x_wconf 70' lang='lat' dir='ltr'><strong>ligndsi</strong></span> 
     </span>
     <span class='ocr_line' id='line_1_23' title="bbox 499 3141 2558 3263; baseline -0.003 -20"><span class='ocrx_word' id='word_1_128' title='bbox 499 3168 584 3243; x_wconf 91' lang='lat' dir='ltr'><strong>in</strong></span> <span class='ocrx_word' id='word_1_129' title='bbox 653 3165 874 3242; x_wconf 87' lang='lat' dir='ltr'><strong>caule</strong></span> <span class='ocrx_word' id='word_1_130' title='bbox 939 3165 1278 3241; x_wconf 87' lang='lat' dir='ltr'><strong>Filicum</strong></span> <span class='ocrx_word' id='word_1_131' title='bbox 1344 3188 1576 3263; x_wconf 88' lang='lat' dir='ltr'><strong>saepe</strong></span> <span class='ocrx_word' id='word_1_132' title='bbox 1642 3173 1811 3236; x_wconf 83' lang='lat' dir='ltr'><strong>non</strong></span> <span class='ocrx_word' id='word_1_133' title='bbox 1863 3141 2332 3257; x_wconf 85' lang='lat' dir='ltr'><strong>cylindracei</strong></span> <span class='ocrx_word' id='word_1_134' title='bbox 2386 3164 2558 3250; x_wconf 79' lang='lat' dir='ltr'><strong>sint,</strong></span> 
     </span>
     <span class='ocr_line' id='line_1_24' title="bbox 503 3273 2557 3379; baseline -0.003 -23"><span class='ocrx_word' id='word_1_135' title='bbox 503 3294 581 3356; x_wconf 84' lang='lat' dir='ltr'><strong>et</strong></span> <span class='ocrx_word' id='word_1_136' title='bbox 625 3281 711 3354; x_wconf 91' lang='lat' dir='ltr'><strong>in</strong></span> <span class='ocrx_word' id='word_1_137' title='bbox 761 3278 1060 3379; x_wconf 86' lang='lat' dir='ltr'><strong>petiolo</strong></span> <span class='ocrx_word' id='word_1_138' title='bbox 1109 3280 1449 3353; x_wconf 85' lang='lat' dir='ltr'><strong>Filicurn</strong></span> <span class='ocrx_word' id='word_1_139' title='bbox 1500 3300 1701 3349; x_wconf 89' lang='lat' dir='ltr'><strong>non-</strong></span> <span class='ocrx_word' id='word_1_140' title='bbox 1723 3273 2256 3373; x_wconf 88' lang='lat' dir='ltr'><strong>cylindraceos</strong></span> <span class='ocrx_word' id='word_1_141' title='bbox 2310 3277 2557 3350; x_wconf 87' lang='lat' dir='ltr'><strong>anim-</strong></span> 
     </span>
    </p>
   </div>
   <div class='ocr_carea' id='block_1_5' title="bbox 498 3387 2666 4175">
    <p class='ocr_par' dir='ltr' id='par_1_6' title="bbox 498 3387 2666 4040">
     <span class='ocr_line' id='line_1_25' title="bbox 503 3387 2666 3492; baseline -0.002 -24"><span class='ocrx_word' id='word_1_142' title='bbox 503 3392 1019 3479; x_wconf 78' lang='lat' dir='ltr'><strong>advertimUS,</strong></span> <span class='ocrx_word' id='word_1_143' title='bbox 1097 3389 1236 3467; x_wconf 90' lang='lat' dir='ltr'><strong>sed</strong></span> <span class='ocrx_word' id='word_1_144' title='bbox 1317 3387 1764 3490; x_wconf 83' lang='lat' dir='ltr'><strong>explanatos</strong></span> <span class='ocrx_word' id='word_1_145' title='bbox 1844 3403 1920 3466; x_wconf 85' lang='lat' dir='ltr'><strong>et</strong></span> <span class='ocrx_word' id='word_1_146' title='bbox 1980 3390 2311 3492; x_wconf 88' lang='lat' dir='ltr'><strong>quidem</strong></span> <span class='ocrx_word' id='word_1_147' title='bbox 2376 3392 2559 3466; x_wconf 90' lang='lat' dir='ltr'><strong>sub-</strong></span> <span class='ocrx_word' id='word_1_148' title='bbox 2661 3401 2666 3404; x_wconf 82' lang='grc'><strong>’</strong></span> 
     </span>
     <span class='ocr_line' id='line_1_26' title="bbox 498 3503 2560 3606; baseline -0.001 -24"><span class='ocrx_word' id='word_1_149' title='bbox 498 3506 689 3582; x_wconf 92' lang='lat' dir='ltr'><strong>inde</strong></span> <span class='ocrx_word' id='word_1_150' title='bbox 766 3519 1158 3593; x_wconf 75' lang='lat' dir='ltr'><strong>curvat05‚</strong></span> <span class='ocrx_word' id='word_1_151' title='bbox 1230 3504 1336 3579; x_wconf 83' lang='lat' dir='ltr'><strong>ita</strong></span> <span class='ocrx_word' id='word_1_152' title='bbox 1409 3517 1503 3579; x_wconf 83' lang='lat' dir='ltr'><strong>ut</strong></span> <span class='ocrx_word' id='word_1_153' title='bbox 1562 3504 1660 3579; x_wconf 89' lang='lat' dir='ltr'><strong>si</strong></span> <span class='ocrx_word' id='word_1_154' title='bbox 1696 3504 1861 3582; x_wconf 92' lang='lat' dir='ltr'><strong>duo</strong></span> <span class='ocrx_word' id='word_1_155' title='bbox 1927 3503 2276 3581; x_wconf 84' lang='lat' dir='ltr'><strong>fasciculi</strong></span> <span class='ocrx_word' id='word_1_156' title='bbox 2340 3520 2560 3606; x_wconf 84' lang='lat' dir='ltr'><strong>parte</strong></span> 
     </span>
     <span class='ocr_line' id='line_1_27' title="bbox 502 3618 2557 3721; baseline -0.001 -25"><span class='ocrx_word' id='word_1_157' title='bbox 502 3644 845 3697; x_wconf 86' lang='lat' dir='ltr'><strong>convexa</strong></span> <span class='ocrx_word' id='word_1_158' title='bbox 915 3618 1063 3694; x_wconf 89' lang='lat' dir='ltr'><strong>sibi</strong></span> <span class='ocrx_word' id='word_1_159' title='bbox 1131 3621 1627 3709; x_wconf 84' lang='lat' dir='ltr'><strong>accumbant,</strong></span> <span class='ocrx_word' id='word_1_160' title='bbox 1678 3618 1930 3719; x_wconf 85' lang='lat' dir='ltr'><strong>figura</strong></span> <span class='ocrx_word' id='word_1_161' title='bbox 1981 3620 2125 3700; x_wconf 84' lang='lat' dir='ltr'><strong>ista</strong></span> <span class='ocrx_word' id='word_1_162' title='bbox 2174 3618 2257 3693; x_wconf 90' lang='lat' dir='ltr'><strong>in</strong></span> <span class='ocrx_word' id='word_1_163' title='bbox 2306 3620 2557 3721; x_wconf 86' lang='lat' dir='ltr'><strong>petio-</strong></span> 
     </span>
     <span class='ocr_line' id='line_1_28' title="bbox 501 3733 2558 3836; baseline -0.002 -25"><span class='ocrx_word' id='word_1_164' title='bbox 501 3736 596 3813; x_wconf 91' lang='lat' dir='ltr'><strong>lis</strong></span> <span class='ocrx_word' id='word_1_165' title='bbox 682 3733 1018 3811; x_wconf 83' lang='lat' dir='ltr'><strong>Pteridis</strong></span> <span class='ocrx_word' id='word_1_166' title='bbox 1087 3734 1514 3836; x_wconf 29' lang='lat' dir='ltr'><strong>*aquilinae</strong></span> <span class='ocrx_word' id='word_1_167' title='bbox 1613 3735 1945 3821; x_wconf 84' lang='lat' dir='ltr'><strong>oriatur,</strong></span> <span class='ocrx_word' id='word_1_168' title='bbox 2030 3733 2274 3835; x_wconf 78' lang='lat' dir='ltr'><strong>quam</strong></span> <span class='ocrx_word' id='word_1_169' title='bbox 2371 3758 2558 3810; x_wconf 89' lang='lat' dir='ltr'><strong>cum</strong></span> 
     </span>
     <span class='ocr_line' id='line_1_29' title="bbox 504 3847 2557 3972; baseline -0.002 -45"><span class='ocrx_word' id='word_1_170' title='bbox 504 3850 764 3972; x_wconf 88' lang='lat' dir='ltr'><strong>aquila</strong></span> <span class='ocrx_word' id='word_1_171' title='bbox 843 3863 1318 3954; x_wconf 86' lang='lat' dir='ltr'><strong>comparant.</strong></span> <span class='ocrx_word' id='word_1_172' title='bbox 1442 3853 1562 3926; x_wconf 90' lang='lat' dir='ltr'><strong>De</strong></span> <span class='ocrx_word' id='word_1_173' title='bbox 1643 3847 2144 3966; x_wconf 80' lang='lat' dir='ltr'><strong>paraphylliis</strong></span> <span class='ocrx_word' id='word_1_174' title='bbox 2217 3848 2557 3925; x_wconf 87' lang='lat' dir='ltr'><strong>Filicum</strong></span> 
     </span>
     <span class='ocr_line' id='line_1_30' title="bbox 502 3964 2254 4040; baseline -0.001 -2"><span class='ocrx_word' id='word_1_175' title='bbox 502 3992 569 4039; x_wconf 80' lang='lat' dir='ltr'><strong>v.</strong></span> <span class='ocrx_word' id='word_1_176' title='bbox 617 3964 842 4040; x_wconf 76' lang='lat' dir='ltr'><strong>insta.</strong></span> <span class='ocrx_word' id='word_1_177' title='bbox 2168 4013 2174 4023; x_wconf 86' lang='lat'><em>-</em></span> <span class='ocrx_word' id='word_1_178' title='bbox 2249 4017 2254 4024; x_wconf 69' lang='lat'><em>,</em></span> 
     </span>
    </p>

    <p class='ocr_par' dir='ltr' id='par_1_7' title="bbox 698 4077 2557 4175">
     <span class='ocr_line' id='line_1_31' title="bbox 698 4077 2557 4175; baseline -0.002 -21"><span class='ocrx_word' id='word_1_179' title='bbox 698 4078 922 4156; x_wconf 83' lang='lat' dir='ltr'><strong>Folia</strong></span> <span class='ocrx_word' id='word_1_180' title='bbox 970 4081 1442 4164; x_wconf 83' lang='lat' dir='ltr'><strong>Muscorum</strong></span> <span class='ocrx_word' id='word_1_181' title='bbox 1489 4079 1784 4156; x_wconf 74' lang='lat' dir='ltr'><strong>habent</strong></span> <span class='ocrx_word' id='word_1_182' title='bbox 1826 4077 2151 4170; x_wconf 86' lang='lat' dir='ltr'><strong>cellulas</strong></span> <span class='ocrx_word' id='word_1_183' title='bbox 2213 4099 2557 4175; x_wconf 78' lang='lat' dir='ltr'><strong>magnas,</strong></span> 
     </span>
    </p>
   </div>
  </div>
 </body>
</html>
