2843 4800
1067 280 1461 405 RAm'x.
2035 325 2040 328 ’
2145 322 2293 405 '12⁷

223 539 393 631 82.
517 529 1322 651 Anam'orphosis
1412 513 1775 622 radicis
1870 538 2027 622 e‘st'
2101 551 2294 623 car-

369 679 751 776 nosztas',
768 665 1473 808 tubera-§centem
1541 676 2180 764 rhzkomatoszis.

443 868 694 947 Radix
739 895 1065 943 carnosa
1111 865 1203 942 fit
1251 879 1386 942 aut
1435 890 1619 941 cum
1655 880 1915 941 cortex
1946 889 2293 968 praeser-
2335 895 2340 910 .

224 986 397 1062 tim
445 985 937 1069 incrassatur,
990 994 1124 1055 aut
1173 975 1357 1056 cu'm
1405 980 1732 1077 lignum.
1799 983 2117 1058 'Cortex
2173 982 2293 1056 in-

234 1112 635 1174 crassatur
698 1109 832 1171 aut
881 1095 1176 1198 absque
1225 1094 1504 1182 stratiS,
1557 1119 1638 1171 e.
1681 1115 1766 1194 3.
1798 1093 1883 1170 in
1946 1095 2293 1180 Brassica

233 1216 499 1312 Rapa,
549 1224 684 1286 aut
741 1209 994 1319 'stratis
1044 1235 1086 1285 e
1138 1224 1506 1286 contextu
1539 1210 1919 1286 celluloso
1956 1235 2289 1313 compo-

240 1327 419 1404 sitis
470 1340 546 1401 et
606 1325 754 1401 sibi
818 1323 1443 1427 superimpositis
1492 1348 1660 1400 non
1709 1323 2056 1415 radiatiS,
2101 1343 2169 1402 e.
2218 1349 2288 1424 3.

240 1445 342 1518 in
399 1446 581 1517 Beta
641 1440 913 1526 rubra,
985 1435 1368 1540 Ipomoea
1429 1436 1717 1540 Ialapa,
1786 1454 1921 1516 aut
1981 1440 2285 1518 radiato

234 1543 487 1634 strato
540 1542 898 1656 apposito
951 1554 1157 1653 (81).
1302 1571 1305 1574 ·

439 1671 781 1768 Lignum
832 1691 1254 1750 carnosum
1302 1657 1436 1755 fit,
1464 1673 1648 1743 cum
1697 1667 1879 1744 loco
1913 1689 2289 1746 vasorum

245 1784 736 1861 fibrosorum
769 1781 1419 1883 proseuchymate
1450 1782 1796 1884 repletur
1825 1784 2026 1860 intra
2062 1783 2290 1912 quod

243 1898 595 1976 fasciculi
657 1919 1027 2010 vasorum
1090 1891 1495 1995 spii-alium
1561 1895 2088 1973 nidulantur.
2123 1902 2289 1975 In..

241 2013 567 2090 terdum
617 2001 889 2087 omnia
942 2003 1230 2084 desunt
1275 2035 1452 2086 vasa
1501 2008 1828 2098 fibrosa‚
1877 2010 2286 2088 interdum

242 2127 713 2235 paucissima
785 2147 962 2199 vasa
1049 2123 1356 2223 spiralia
1440 2125 1814 2200 ambiunt.
1942 2127 2288 2224 Lignum

245 2266 671 2318 carnosum
717 2227 1003 2314 radicis
1048 2226 1486 2314 medullam
1536 2235 1773 2316 refert
1820 2237 2029 2338 (72).

437 2356 772 2435 Radices
835 2375 979 2429 seu
1040 2352 1307 2454 potius
1367 2352 1761 2431 radiculae
1822 2353 2288 2433 tuberascem

238 2489 352 2549 tes
401 2496 546 2546 seu
592 2470 973 2547 tuberosae
1021 2459 1354 2568 duplicis
1404 2470 1707 2567 generis
1756 2476 1957 2547 sunt.
2051 2469 2286 2548 'Aliae

233 2574 772 2662 hulbiformes
838 2574 987 2657 sub
1052 2576 1365 2681 gemma
1431 2584 1799 2659 oriuntur
1847 2599 1923 2660 et
1971 2607 2286 2683 gemma

237 2696 625 2798 explicata
698 2702 1171 2795 exsugun'tur
1236 2711 1311 2773 et
1379 2692 1747 2799 pereunt,
1846 2695 2041 2773 dum
2138 2698 2284 2773 alia

231 2810 596 2888 radicula
643 2811 1010 2887 tubex-osa
1045 2811 1450 2886 enascitur.
1549 2809 2024 2910 Hujusmodi
2068 2833 2285 2908 gem-

233 2951 413 3001 mas
466 2916 905 3001 Orchideae
951 2914 1263 3000 habent.
1361 2922 1610 3000 Altius
1643 2924 2068 3024 semper‘i'n
2104 2948 2286 3000 cau-

236 3039 340 3113 lis
395 3030 562 3115 basi
615 3040 962 3116 exoritur
1018 3056 1329 3153 gemma
1381 3051 1457 3112 et
1519 3039 1666 3113 sub
1715 3038 1856 3113 ista
1908 3057 2114 3113 nova
2161 3058 2285 3112 ιιι--δ

243 3142 503 3227 dicula
559 3144 1089 3229 tuberascens.
1189 3154 1413 3233 Rem
1451 3148 1655 3227 bene
1705 3146 2070 3252 exposuit
2111 3146 2286 3225 Tri-

239 3254 421 3375 stan
487 3266 789 3381 (Mem.
837 3265 950 3341 du
1008 3260 1384 3344 Museum
1437 3271 1525 3341 T.
1578 3269 1689 3341 10.
1738 3288 1816 3368 p.
1843 3265 2044 3362 46.).
2156 3261 2285 3340 Pia

237 3370 434 3495 gnra
485 3378 600 3455 εει
647 3380 994 3478 globosa,
1045 3380 1321 3468 ovalis,
1372 3374 1748 3477 oblonga,
1798 3380 2096 3476 integra
2147 3391 2287 3453 aut

237 3486 516 3592 partita
569 3507 646 3568 et
690 3493 1045 3609 palmata.
1145 3497 1470 3571 Constat
1519 3519 1561 3571 e
1608 3492 2016 3571 fasciculis
2025 3491 2282 3591 ligno·

237 3606 342 3680 sis
407 3632 550 3707 per
622 3621 1075 3684 contextum
1148 3608 1619 3684 cellulo'sum
1690 3610 2106 3711 separatim
2179 3606 2286 3682 ad

237 3720 543 3820 apicem
594 3745 852 3823 usque
902 3716 1507 3798 excurrentibus.
2027 3747 2034 3752 ·

426 3835 647 3913 Aliae
707 3835 1102 3921 radiculae
1161 3837 1579 3921 tuberosae
1643 3861 1810 3912 non
1868 3836 2012 3927 uni
2064 3856 2277 3930 gem-

235 3970 411 4023 mae
462 3947 822 4024 addictae
870 3942 1082 4040 sun't,
1133 3974 1279 4026 nec
1328 3945 1475 4023 hac
1526 3949 1887 4050 explicata
1921 3952 2277 4048 pereunt.

232 4062 371 4138 sed
420 4088 574 4166 pro
625 4077 790 4143 tota
837 4064 1098 4168 planta
1147 4080 1518 4164 gemmas*
1548 4078 1646 4141 et.
1673 4062 1929 4139 caules
1977 4060 2277 4139 subter-
