<?xml version="1.0" encoding="UTF-8"?>
<!DOCTYPE html PUBLIC "-//W3C//DTD XHTML 1.0 Transitional//EN"
    "http://www.w3.org/TR/xhtml1/DTD/xhtml1-transitional.dtd">
<html xmlns="http://www.w3.org/1999/xhtml" xml:lang="en" lang="en">
 <head>
  <title>
</title>
<meta http-equiv="Content-Type" content="text/html;charset=utf-8" />
  <meta name='ocr-system' content='tesseract 3.04.00' />
  <meta name='ocr-capabilities' content='ocr_page ocr_carea ocr_par ocr_line ocrx_word'/>
</head>
<body>
  <div class='ocr_page' id='page_1' title='image "./elementaphiloso01linkgoog_0356.png"; bbox 0 0 2843 4800; ppageno 0'>
   <div class='ocr_carea' id='block_1_1' title="bbox 473 310 1867 428">
    <p class='ocr_par' dir='ltr' id='par_1_1' title="bbox 473 310 1867 428">
     <span class='ocr_line' id='line_1_1' title="bbox 473 310 1867 428; baseline -0.003 -14"><span class='ocrx_word' id='word_1_1' title='bbox 473 310 481 318; x_wconf 82' lang='grc'><em>’</em></span> <span class='ocrx_word' id='word_1_2' title='bbox 532 324 707 414; x_wconf 78' lang='grc'>’345</span> <span class='ocrx_word' id='word_1_3' title='bbox 1296 320 1867 428; x_wconf 69' lang='lat' dir='ltr'>ramerus.</span> 
     </span>
    </p>
   </div>
   <div class='ocr_carea' id='block_1_2' title="bbox 538 525 2682 4173">
    <p class='ocr_par' dir='ltr' id='par_1_2' title="bbox 555 525 2613 847">
     <span class='ocr_line' id='line_1_2' title="bbox 558 525 2612 670; baseline -0.001 -54"><span class='ocrx_word' id='word_1_4' title='bbox 558 540 675 616; x_wconf 87' lang='lat' dir='ltr'>fr.</span> <span class='ocrx_word' id='word_1_5' title='bbox 754 566 828 670; x_wconf 91' lang='grc' dir='ltr'>Ρ.</span> <span class='ocrx_word' id='word_1_6' title='bbox 916 536 1299 632; x_wconf 90' lang='lat' dir='ltr'>CLXV.)</span> <span class='ocrx_word' id='word_1_7' title='bbox 1324 537 1910 614; x_wconf 86' lang='lat' dir='ltr'>scutelliformis</span> <span class='ocrx_word' id='word_1_8' title='bbox 1963 525 1966 530; x_wconf 64' lang='grc'><strong>’</strong></span> <span class='ocrx_word' id='word_1_9' title='bbox 2015 561 2071 611; x_wconf 91' lang='grc'>5.</span> <span class='ocrx_word' id='word_1_10' title='bbox 2171 534 2408 614; x_wconf 87' lang='lat' dir='ltr'>altera</span> <span class='ocrx_word' id='word_1_11' title='bbox 2483 563 2612 614; x_wconf 85' lang='lat' dir='ltr'>ex-</span> 
     </span>
     <span class='ocr_line' id='line_1_3' title="bbox 556 641 2613 794; baseline -0.001 -64"><span class='ocrx_word' id='word_1_12' title='bbox 556 653 946 730; x_wconf 83' lang='lat' dir='ltr'>tr’emitate</span> <span class='ocrx_word' id='word_1_13' title='bbox 996 651 1384 750; x_wconf 81' lang='lat' dir='ltr'>oblonga,-</span> <span class='ocrx_word' id='word_1_14' title='bbox 1427 652 1663 730; x_wconf 87' lang='lat' dir='ltr'>altera</span> <span class='ocrx_word' id='word_1_15' title='bbox 1712 641 1960 753; x_wconf 79' lang='lat' dir='ltr'>priori</span> <span class='ocrx_word' id='word_1_16' title='bbox 2016 650 2394 794; x_wconf 83' lang='lat' dir='ltr'>applicata</span> <span class='ocrx_word' id='word_1_17' title='bbox 2457 651 2613 730; x_wconf 87' lang='lat' dir='ltr'>fih-</span> 
     </span>
     <span class='ocr_line' id='line_1_4' title="bbox 555 767 2606 847; baseline -0.002 0"><span class='ocrx_word' id='word_1_18' title='bbox 555 767 822 847; x_wconf 84' lang='lat' dir='ltr'>sormi.</span> <span class='ocrx_word' id='word_1_19' title='bbox 2601 799 2606 814; x_wconf 68' lang='lat'><em>⁴</em></span> 
     </span>
    </p>

    <p class='ocr_par' dir='ltr' id='par_1_3' title="bbox 538 873 2612 1872">
     <span class='ocr_line' id='line_1_5' title="bbox 712 873 2610 982; baseline 0.001 -25.02"><span class='ocrx_word' id='word_1_20' title='bbox 712 886 971 958; x_wconf 87' lang='lat' dir='ltr'>Nec</span> <span class='ocrx_word' id='word_1_21' title='bbox 996 882 1432 979; x_wconf 84' lang='lat' dir='ltr'>gemmula,</span> <span class='ocrx_word' id='word_1_22' title='bbox 1505 903 1652 957; x_wconf 90' lang='lat' dir='ltr'>nec</span> <span class='ocrx_word' id='word_1_23' title='bbox 1710 873 2012 957; x_wconf 87' lang='lat' dir='ltr'>futura</span> <span class='ocrx_word' id='word_1_24' title='bbox 2038 877 2239 956; x_wconf 89' lang='lat' dir='ltr'>folia</span> <span class='ocrx_word' id='word_1_25' title='bbox 2293 880 2379 955; x_wconf 93' lang='lat' dir='ltr'>in</span> <span class='ocrx_word' id='word_1_26' title='bbox 2429 881 2610 982; x_wconf 90' lang='lat' dir='ltr'>ipso</span> 
     </span>
     <span class='ocr_line' id='line_1_6' title="bbox 559 994 2610 1097; baseline -0 -24"><span class='ocrx_word' id='word_1_27' title='bbox 559 997 1152 1094; x_wconf 85' lang='lat' dir='ltr'>dignoscuntur.</span> <span class='ocrx_word' id='word_1_28' title='bbox 1248 999 1343 1071; x_wconf 93' lang='lat' dir='ltr'>In</span> <span class='ocrx_word' id='word_1_29' title='bbox 1390 995 1665 1094; x_wconf 75' lang='lat' dir='ltr'>multis</span> <span class='ocrx_word' id='word_1_30' title='bbox 1711 994 1997 1097; x_wconf 89' lang='lat' dir='ltr'>plantis</span> <span class='ocrx_word' id='word_1_31' title='bbox 2047 1008 2384 1095; x_wconf 86' lang='lat' dir='ltr'>apparet,</span> <span class='ocrx_word' id='word_1_32' title='bbox 2419 1019 2610 1072; x_wconf 90' lang='lat' dir='ltr'>cum</span> 
     </span>
     <span class='ocr_line' id='line_1_7' title="bbox 559 1108 2610 1209; baseline -0.001 -21"><span class='ocrx_word' id='word_1_33' title='bbox 559 1112 987 1189; x_wconf 79' lang='lat' dir='ltr'>dissecatur</span> <span class='ocrx_word' id='word_1_34' title='bbox 1051 1108 1417 1206; x_wconf 86' lang='lat' dir='ltr'>embryo,</span> <span class='ocrx_word' id='word_1_35' title='bbox 1467 1108 1868 1207; x_wconf 85' lang='lat' dir='ltr'>gemmula</span> <span class='ocrx_word' id='word_1_36' title='bbox 1913 1109 2133 1183; x_wconf 89' lang='lat' dir='ltr'>intus</span> <span class='ocrx_word' id='word_1_37' title='bbox 2180 1110 2474 1209; x_wconf 79' lang='lat' dir='ltr'>posita3</span> <span class='ocrx_word' id='word_1_38' title='bbox 2522 1111 2610 1185; x_wconf 91' lang='lat' dir='ltr'>in</span> 
     </span>
     <span class='ocr_line' id='line_1_8' title="bbox 556 1223 2611 1324; baseline -0.001 -23"><span class='ocrx_word' id='word_1_39' title='bbox 556 1226 709 1301; x_wconf 90' lang='lat' dir='ltr'>illis</span> <span class='ocrx_word' id='word_1_40' title='bbox 779 1223 923 1300; x_wconf 91' lang='lat' dir='ltr'>ubi</span> <span class='ocrx_word' id='word_1_41' title='bbox 997 1246 1168 1297; x_wconf 89' lang='lat' dir='ltr'>non</span> <span class='ocrx_word' id='word_1_42' title='bbox 1231 1235 1584 1324; x_wconf 84' lang='lat' dir='ltr'>apparet,</span> <span class='ocrx_word' id='word_1_43' title='bbox 1650 1246 1740 1299; x_wconf 86' lang='lat' dir='ltr'>ex</span> <span class='ocrx_word' id='word_1_44' title='bbox 1812 1224 2248 1319; x_wconf 89' lang='lat' dir='ltr'>embryone</span> <span class='ocrx_word' id='word_1_45' title='bbox 2322 1224 2611 1322; x_wconf 86' lang='lat' dir='ltr'>germi-</span> 
     </span>
     <span class='ocr_line' id='line_1_9' title="bbox 555 1336 2612 1439; baseline 0 -25"><span class='ocrx_word' id='word_1_46' title='bbox 555 1350 794 1414; x_wconf 82' lang='lat' dir='ltr'><strong>nante</strong></span> <span class='ocrx_word' id='word_1_47' title='bbox 841 1336 1281 1413; x_wconf 82' lang='lat' dir='ltr'>luculenter</span> <span class='ocrx_word' id='word_1_48' title='bbox 1314 1336 1693 1437; x_wconf 73' lang='lat' dir='ltr'>&#39;erumpit</span> <span class='ocrx_word' id='word_1_49' title='bbox 1788 1336 2218 1414; x_wconf 86' lang='lat' dir='ltr'>Radiculae</span> <span class='ocrx_word' id='word_1_50' title='bbox 2278 1362 2612 1439; x_wconf 90' lang='lat' dir='ltr'>quoque</span> 
     </span>
     <span class='ocr_line' id='line_1_10' title="bbox 558 1441 2612 1553; baseline 0 -25"><span class='ocrx_word' id='word_1_51' title='bbox 558 1477 746 1528; x_wconf 91' lang='lat' dir='ltr'>cum</span> <span class='ocrx_word' id='word_1_52' title='bbox 818 1450 1255 1553; x_wconf 90' lang='lat' dir='ltr'>prodeunt,</span> <span class='ocrx_word' id='word_1_53' title='bbox 1331 1474 1424 1526; x_wconf 85' lang='lat' dir='ltr'>ex</span> <span class='ocrx_word' id='word_1_54' title='bbox 1503 1441 1678 1552; x_wconf 80' lang='lat' dir='ltr'>ipso</span> <span class='ocrx_word' id='word_1_55' title='bbox 1764 1452 2202 1548; x_wconf 87' lang='lat' dir='ltr'>embryone</span> <span class='ocrx_word' id='word_1_56' title='bbox 2278 1450 2612 1552; x_wconf 88' lang='lat' dir='ltr'>prodire</span> 
     </span>
     <span class='ocr_line' id='line_1_11' title="bbox 538 1557 2612 1672; baseline 0 -29"><span class='ocrx_word' id='word_1_57' title='bbox 538 1557 943 1643; x_wconf 73' lang='lat' dir='ltr'>‘videntun</span> <span class='ocrx_word' id='word_1_58' title='bbox 1063 1566 1267 1642; x_wconf 89' lang='lat' dir='ltr'>Hinc</span> <span class='ocrx_word' id='word_1_59' title='bbox 1339 1579 1649 1665; x_wconf 84' lang='lat' dir='ltr'>partem</span> <span class='ocrx_word' id='word_1_60' title='bbox 1720 1564 2175 1672; x_wconf 88' lang='lat' dir='ltr'>embryonis</span> <span class='ocrx_word' id='word_1_61' title='bbox 2244 1589 2612 1663; x_wconf 84' lang='lat' dir='ltr'>gemmu-</span> 
     </span>
     <span class='ocr_line' id='line_1_12' title="bbox 555 1667 2612 1802; baseline -0 -45"><span class='ocrx_word' id='word_1_62' title='bbox 555 1682 737 1769; x_wconf 86' lang='lat' dir='ltr'>lam,</span> <span class='ocrx_word' id='word_1_63' title='bbox 784 1679 1333 1781; x_wconf 82' lang='lat' dir='ltr'>radiculasque</span> <span class='ocrx_word' id='word_1_64' title='bbox 1381 1678 1595 1754; x_wconf 79' lang='lat' dir='ltr'>intus</span> <span class='ocrx_word' id='word_1_65' title='bbox 1640 1667 2063 1767; x_wconf 85' lang='lat' dir='ltr'>foventem,</span> <span class='ocrx_word' id='word_1_66' title='bbox 2086 1678 2612 1802; x_wconf 71' lang='lat' dir='ltr'>perembryum</span> 
     </span>
     <span class='ocr_line' id='line_1_13' title="bbox 558 1794 1964 1872; baseline -0.001 0"><span class='ocrx_word' id='word_1_67' title='bbox 558 1794 838 1872; x_wconf 78' lang='lat' dir='ltr'>dicam.</span> <span class='ocrx_word' id='word_1_68' title='bbox 1959 1839 1964 1844; x_wconf 90' lang='lat'><strong>·</strong></span> 
     </span>
    </p>

    <p class='ocr_par' dir='ltr' id='par_1_4' title="bbox 546 1907 2682 4173">
     <span class='ocr_line' id='line_1_14' title="bbox 646 1907 2604 2020; baseline -0.001 -34"><span class='ocrx_word' id='word_1_69' title='bbox 646 1949 651 1954; x_wconf 91' lang='lat'><strong>·</strong></span> <span class='ocrx_word' id='word_1_70' title='bbox 752 1911 961 1986; x_wconf 93' lang='lat' dir='ltr'>Cum</span> <span class='ocrx_word' id='word_1_71' title='bbox 1028 1928 1299 1984; x_wconf 88' lang='lat' dir='ltr'>semen</span> <span class='ocrx_word' id='word_1_72' title='bbox 1362 1907 1776 2020; x_wconf 76' lang='lat' dir='ltr'>germinat,</span> <span class='ocrx_word' id='word_1_73' title='bbox 1836 1920 2093 2008; x_wconf 84' lang='lat' dir='ltr'>partes</span> <span class='ocrx_word' id='word_1_74' title='bbox 2157 1908 2604 2008; x_wconf 82' lang='lat' dir='ltr'>perembryi</span> 
     </span>
     <span class='ocr_line' id='line_1_15' title="bbox 553 2020 2606 2122; baseline 0 -23"><span class='ocrx_word' id='word_1_75' title='bbox 553 2023 842 2100; x_wconf 87' lang='lat' dir='ltr'>melius</span> <span class='ocrx_word' id='word_1_76' title='bbox 904 2022 1519 2122; x_wconf 88' lang='lat' dir='ltr'>conspiciuntur.</span> <span class='ocrx_word' id='word_1_77' title='bbox 1636 2020 2253 2099; x_wconf 84' lang='lat' dir='ltr'>Consideremus</span> <span class='ocrx_word' id='word_1_78' title='bbox 2330 2047 2606 2099; x_wconf 88' lang='lat' dir='ltr'>semen</span> 
     </span>
     <span class='ocr_line' id='line_1_16' title="bbox 553 2129 2605 2238; baseline 0 -26"><span class='ocrx_word' id='word_1_79' title='bbox 553 2136 809 2235; x_wconf 88' lang='lat' dir='ltr'>majus</span> <span class='ocrx_word' id='word_1_80' title='bbox 857 2136 1205 2223; x_wconf 88' lang='lat' dir='ltr'>Palmae,</span> <span class='ocrx_word' id='word_1_81' title='bbox 1259 2129 1824 2236; x_wconf 83' lang='lat' dir='ltr'>Chamaeropis</span> <span class='ocrx_word' id='word_1_82' title='bbox 1873 2136 2232 2225; x_wconf 87' lang='lat' dir='ltr'>humilis,</span> <span class='ocrx_word' id='word_1_83' title='bbox 2298 2138 2385 2212; x_wconf 92' lang='lat' dir='ltr'>in</span> <span class='ocrx_word' id='word_1_84' title='bbox 2439 2155 2605 2238; x_wconf 86' lang='lat' dir='ltr'>quo</span> 
     </span>
     <span class='ocr_line' id='line_1_17' title="bbox 556 2247 2604 2350; baseline -0 -24"><span class='ocrx_word' id='word_1_85' title='bbox 556 2251 829 2326; x_wconf 92' lang='lat' dir='ltr'>omnia</span> <span class='ocrx_word' id='word_1_86' title='bbox 898 2247 1341 2326; x_wconf 86' lang='lat' dir='ltr'>luculenter</span> <span class='ocrx_word' id='word_1_87' title='bbox 1413 2259 1805 2350; x_wconf 83' lang='lat' dir='ltr'>apparent.</span> <span class='ocrx_word' id='word_1_88' title='bbox 1927 2254 2019 2326; x_wconf 91' lang='lat' dir='ltr'>In</span> <span class='ocrx_word' id='word_1_89' title='bbox 2081 2250 2250 2326; x_wconf 89' lang='lat' dir='ltr'>basi</span> <span class='ocrx_word' id='word_1_90' title='bbox 2305 2249 2604 2327; x_wconf 88' lang='lat' dir='ltr'>videbis</span> 
     </span>
     <span class='ocr_line' id='line_1_18' title="bbox 551 2361 2604 2469; baseline -0 -28"><span class='ocrx_word' id='word_1_91' title='bbox 551 2377 858 2469; x_wconf 88' lang='lat' dir='ltr'>partem</span> <span class='ocrx_word' id='word_1_92' title='bbox 944 2361 1402 2453; x_wconf 83' lang='lat' dir='ltr'>radicalem,</span> <span class='ocrx_word' id='word_1_93' title='bbox 1491 2361 2001 2464; x_wconf 85' lang='lat' dir='ltr'>praelongam</span> <span class='ocrx_word' id='word_1_94' title='bbox 2014 2412 2044 2454; x_wconf 92' lang='lat'>,-</span> <span class='ocrx_word' id='word_1_95' title='bbox 2090 2364 2337 2466; x_wconf 51' lang='lat' dir='ltr'>,apice</span> <span class='ocrx_word' id='word_1_96' title='bbox 2420 2376 2604 2441; x_wconf 80' lang='lat' dir='ltr'>atte-</span> 
     </span>
     <span class='ocr_line' id='line_1_19' title="bbox 551 2476 2603 2579; baseline -0.001 -24"><span class='ocrx_word' id='word_1_97' title='bbox 551 2492 923 2565; x_wconf 86' lang='lat' dir='ltr'>nuatam,</span> <span class='ocrx_word' id='word_1_98' title='bbox 995 2476 1163 2552; x_wconf 88' lang='lat' dir='ltr'>basi</span> <span class='ocrx_word' id='word_1_99' title='bbox 1235 2477 1321 2551; x_wconf 87' lang='lat' dir='ltr'>in</span> <span class='ocrx_word' id='word_1_100' title='bbox 1381 2477 1736 2554; x_wconf 90' lang='lat' dir='ltr'>mediam</span> <span class='ocrx_word' id='word_1_101' title='bbox 1797 2493 2101 2579; x_wconf 91' lang='lat' dir='ltr'>partem</span> <span class='ocrx_word' id='word_1_102' title='bbox 2165 2479 2603 2578; x_wconf 84' lang='lat' dir='ltr'>vaginalem</span> 
     </span>
     <span class='ocr_line' id='line_1_20' title="bbox 553 2590 2604 2693; baseline 0 -24"><span class='ocrx_word' id='word_1_103' title='bbox 553 2593 725 2670; x_wconf 89' lang='lat' dir='ltr'>sine</span> <span class='ocrx_word' id='word_1_104' title='bbox 751 2591 1253 2680; x_wconf 82' lang='lat' dir='ltr'>distinctione</span> <span class='ocrx_word' id='word_1_105' title='bbox 1286 2590 1617 2678; x_wconf 73' lang='lat' dir='ltr'>externa,</span> <span class='ocrx_word' id='word_1_106' title='bbox 1656 2591 1807 2668; x_wconf 91' lang='lat' dir='ltr'>nisi</span> <span class='ocrx_word' id='word_1_107' title='bbox 1846 2590 2074 2693; x_wconf 82' lang='lat' dir='ltr'>quod</span> <span class='ocrx_word' id='word_1_108' title='bbox 2098 2593 2250 2669; x_wconf 86' lang='lat' dir='ltr'>hac</span> <span class='ocrx_word' id='word_1_109' title='bbox 2284 2593 2604 2669; x_wconf 88' lang='lat' dir='ltr'>tenuior</span> 
     </span>
     <span class='ocr_line' id='line_1_21' title="bbox 554 2691 2604 2803; baseline -0.001 -19"><span class='ocrx_word' id='word_1_110' title='bbox 554 2691 687 2796; x_wconf 65' lang='lat' dir='ltr'>sit&#39;,</span> <span class='ocrx_word' id='word_1_111' title='bbox 764 2707 1167 2801; x_wconf 83' lang='lat' dir='ltr'>transiens.</span> <span class='ocrx_word' id='word_1_112' title='bbox 1300 2709 1752 2782; x_wconf 81' lang='lat' dir='ltr'>structurae</span> <span class='ocrx_word' id='word_1_113' title='bbox 1821 2720 1941 2782; x_wconf 21' lang='lat' dir='ltr'>fest</span> <span class='ocrx_word' id='word_1_114' title='bbox 1996 2705 2282 2803; x_wconf 84' lang='lat' dir='ltr'>radicis</span> <span class='ocrx_word' id='word_1_115' title='bbox 2355 2729 2604 2794; x_wconf 83' lang='lat' dir='ltr'>verae,</span> 
     </span>
     <span class='ocr_line' id='line_1_22' title="bbox 552 2798 2603 2919; baseline -0.001 -22"><span class='ocrx_word' id='word_1_116' title='bbox 552 2822 771 2918; x_wconf 85' lang='lat' dir='ltr'>ligno</span> <span class='ocrx_word' id='word_1_117' title='bbox 838 2820 922 2893; x_wconf 90' lang='lat' dir='ltr'>in</span> <span class='ocrx_word' id='word_1_118' title='bbox 987 2818 1298 2906; x_wconf 91' lang='lat' dir='ltr'>medio,</span> <span class='ocrx_word' id='word_1_119' title='bbox 1366 2819 1762 2897; x_wconf 88' lang='lat' dir='ltr'>ambiente</span> <span class='ocrx_word' id='word_1_120' title='bbox 1822 2798 2131 2905; x_wconf 81' lang='lat' dir='ltr'>cortice.</span> <span class='ocrx_word' id='word_1_121' title='bbox 2256 2819 2603 2919; x_wconf 82' lang='lat' dir='ltr'>Lignum</span> 
     </span>
     <span class='ocr_line' id='line_1_23' title="bbox 555 2930 2604 3035; baseline -0 -25"><span class='ocrx_word' id='word_1_122' title='bbox 555 2946 858 3012; x_wconf 82' lang='lat' dir='ltr'>constat</span> <span class='ocrx_word' id='word_1_123' title='bbox 930 2956 974 3007; x_wconf 89' lang='lat' dir='ltr'>e</span> <span class='ocrx_word' id='word_1_124' title='bbox 1045 2930 1432 3008; x_wconf 87' lang='lat' dir='ltr'>fasciculis</span> <span class='ocrx_word' id='word_1_125' title='bbox 1494 2958 1867 3009; x_wconf 85' lang='lat' dir='ltr'>vasorum</span> <span class='ocrx_word' id='word_1_126' title='bbox 1932 2933 2372 3035; x_wconf 88' lang='lat' dir='ltr'>spiralium,</span> <span class='ocrx_word' id='word_1_127' title='bbox 2425 2934 2604 3010; x_wconf 90' lang='lat' dir='ltr'>ubi-</span> 
     </span>
     <span class='ocr_line' id='line_1_24' title="bbox 554 3045 2598 3150; baseline 0 -27"><span class='ocrx_word' id='word_1_128' title='bbox 554 3073 713 3150; x_wconf 89' lang='lat' dir='ltr'>que</span> <span class='ocrx_word' id='word_1_129' title='bbox 783 3046 982 3122; x_wconf 88' lang='lat' dir='ltr'>vasis</span> <span class='ocrx_word' id='word_1_130' title='bbox 1053 3045 1372 3122; x_wconf 87' lang='lat' dir='ltr'>fibrosis</span> <span class='ocrx_word' id='word_1_131' title='bbox 1443 3045 1818 3122; x_wconf 82' lang='lat' dir='ltr'>immixtis</span> <span class='ocrx_word' id='word_1_132' title='bbox 1891 3060 1969 3124; x_wconf 90' lang='lat' dir='ltr'>et</span> <span class='ocrx_word' id='word_1_133' title='bbox 2049 3047 2598 3126; x_wconf 78' lang='lat' dir='ltr'>ambientibus.</span> 
     </span>
     <span class='ocr_line' id='line_1_25' title="bbox 555 3158 2598 3263; baseline -0.001 -24"><span class='ocrx_word' id='word_1_134' title='bbox 555 3162 932 3263; x_wconf 86' lang='lat' dir='ltr'>Sequitur</span> <span class='ocrx_word' id='word_1_135' title='bbox 986 3185 1167 3262; x_wconf 88' lang='lat' dir='ltr'>pars</span> <span class='ocrx_word' id='word_1_136' title='bbox 1240 3158 1505 3236; x_wconf 90' lang='lat' dir='ltr'>media</span> <span class='ocrx_word' id='word_1_137' title='bbox 1587 3161 2087 3250; x_wconf 85' lang='lat' dir='ltr'>crassissima,</span> <span class='ocrx_word' id='word_1_138' title='bbox 2158 3160 2598 3259; x_wconf 86' lang='lat' dir='ltr'>cylindrica,¹</span> 
     </span>
     <span class='ocr_line' id='line_1_26' title="bbox 555 3274 2597 3374; baseline 0 -25"><span class='ocrx_word' id='word_1_139' title='bbox 555 3288 755 3361; x_wconf 81' lang='lat' dir='ltr'>cava,</span> <span class='ocrx_word' id='word_1_140' title='bbox 815 3274 1044 3349; x_wconf 90' lang='lat' dir='ltr'>initio</span> <span class='ocrx_word' id='word_1_141' title='bbox 1111 3278 1456 3374; x_wconf 85' lang='lat' dir='ltr'>superne</span> <span class='ocrx_word' id='word_1_142' title='bbox 1514 3300 1772 3363; x_wconf 84' lang='lat' dir='ltr'>vacua,</span> <span class='ocrx_word' id='word_1_143' title='bbox 1822 3274 2223 3374; x_wconf 86' lang='lat' dir='ltr'>gemmula</span> <span class='ocrx_word' id='word_1_144' title='bbox 2271 3275 2356 3350; x_wconf 90' lang='lat' dir='ltr'>in</span> <span class='ocrx_word' id='word_1_145' title='bbox 2410 3300 2597 3350; x_wconf 85' lang='lat' dir='ltr'>cavo</span> 
     </span>
     <span class='ocr_line' id='line_1_27' title="bbox 546 3384 2597 3491; baseline 0.001 -31"><span class='ocrx_word' id='word_1_146' title='bbox 546 3384 927 3462; x_wconf 88' lang='lat' dir='ltr'>inferi-ore</span> <span class='ocrx_word' id='word_1_147' title='bbox 973 3386 1413 3476; x_wconf 83' lang='lat' dir='ltr'>recondita,</span> <span class='ocrx_word' id='word_1_148' title='bbox 1462 3403 1662 3465; x_wconf 70' lang='lat' dir='ltr'>tum²</span> <span class='ocrx_word' id='word_1_149' title='bbox 1686 3414 1876 3465; x_wconf 81' lang='lat' dir='ltr'>vero</span> <span class='ocrx_word' id='word_1_150' title='bbox 1938 3414 2309 3491; x_wconf 88' lang='lat' dir='ltr'>superne,</span> <span class='ocrx_word' id='word_1_151' title='bbox 2375 3387 2597 3491; x_wconf 89' lang='lat' dir='ltr'>quasi</span> 
     </span>
     <span class='ocr_line' id='line_1_28' title="bbox 553 3492 2598 3605; baseline 0.001 -30"><span class='ocrx_word' id='word_1_152' title='bbox 553 3500 935 3597; x_wconf 45' lang='lat' dir='ltr'>&amp;ragina</span> <span class='ocrx_word' id='word_1_153' title='bbox 1001 3492 1442 3597; x_wconf 64' lang='lat' dir='ltr'>emergens·</span> <span class='ocrx_word' id='word_1_154' title='bbox 1548 3502 2112 3580; x_wconf 87' lang='lat' dir='ltr'>Constat-haee</span> <span class='ocrx_word' id='word_1_155' title='bbox 2159 3494 2339 3605; x_wconf 87' lang='lat' dir='ltr'>pars</span> <span class='ocrx_word' id='word_1_156' title='bbox 2387 3503 2598 3601; x_wconf 84' lang='lat' dir='ltr'>vagi·</span> 
     </span>
     <span class='ocr_line' id='line_1_29' title="bbox 550 3612 2599 3718; baseline 0.001 -30"><span class='ocrx_word' id='word_1_157' title='bbox 550 3636 789 3689; x_wconf 88' lang='lat' dir='ltr'>nacea</span> <span class='ocrx_word' id='word_1_158' title='bbox 851 3637 894 3689; x_wconf 90' lang='lat' dir='ltr'>e</span> <span class='ocrx_word' id='word_1_159' title='bbox 953 3612 1345 3690; x_wconf 87' lang='lat' dir='ltr'>fasciculis</span> <span class='ocrx_word' id='word_1_160' title='bbox 1410 3616 1734 3715; x_wconf 85' lang='lat' dir='ltr'>lignosis</span> <span class='ocrx_word' id='word_1_161' title='bbox 1793 3618 1878 3692; x_wconf 91' lang='lat' dir='ltr'>in</span> <span class='ocrx_word' id='word_1_162' title='bbox 1931 3619 2225 3694; x_wconf 54' lang='lat' dir='ltr'>’orbem</span> <span class='ocrx_word' id='word_1_163' title='bbox 2299 3617 2599 3718; x_wconf 77' lang='lat' dir='ltr'>positiS,</span> 
     </span>
     <span class='ocr_line' id='line_1_30' title="bbox 551 3727 2682 3828; baseline -0 -24"><span class='ocrx_word' id='word_1_164' title='bbox 551 3727 947 3804; x_wconf 88' lang='lat' dir='ltr'>ambiente</span> <span class='ocrx_word' id='word_1_165' title='bbox 1031 3730 1668 3828; x_wconf 84' lang='lat' dir='ltr'>parenchymate,</span> <span class='ocrx_word' id='word_1_166' title='bbox 1764 3730 2170 3828; x_wconf 84' lang='lat' dir='ltr'>glandulis·</span> <span class='ocrx_word' id='word_1_167' title='bbox 2250 3730 2598 3806; x_wconf 89' lang='lat' dir='ltr'>cutaneis</span> <span class='ocrx_word' id='word_1_168' title='bbox 2675 3776 2682 3785; x_wconf 83' lang='lat'><strong>·</strong></span> 
     </span>
     <span class='ocr_line' id='line_1_31' title="bbox 550 3841 2599 3943; baseline 0 -26"><span class='ocrx_word' id='word_1_169' title='bbox 550 3841 808 3917; x_wconf 89' lang='lat' dir='ltr'>nullis.</span> <span class='ocrx_word' id='word_1_170' title='bbox 930 3845 1022 3917; x_wconf 90' lang='lat' dir='ltr'>In</span> <span class='ocrx_word' id='word_1_171' title='bbox 1083 3842 1248 3918; x_wconf 88' lang='lat' dir='ltr'>basi</span> <span class='ocrx_word' id='word_1_172' title='bbox 1262 3870 1319 3931; x_wconf 56' lang='lat'>,¹¹</span> <span class='ocrx_word' id='word_1_173' title='bbox 1361 3844 1503 3919; x_wconf 91' lang='lat' dir='ltr'>ubi</span> <span class='ocrx_word' id='word_1_174' title='bbox 1555 3844 1952 3943; x_wconf 83' lang='lat' dir='ltr'>gemmula</span> <span class='ocrx_word' id='word_1_175' title='bbox 2002 3842 2324 3930; x_wconf 90' lang='lat' dir='ltr'>insidet,</span> <span class='ocrx_word' id='word_1_176' title='bbox 2409 3868 2599 3919; x_wconf 83' lang='lat' dir='ltr'>con-</span> 
     </span>
     <span class='ocr_line' id='line_1_32' title="bbox 552 3954 2597 4059; baseline 0.001 -30"><span class='ocrx_word' id='word_1_177' title='bbox 552 3957 849 4056; x_wconf 80' lang='lat' dir='ltr'>spicere</span> <span class='ocrx_word' id='word_1_178' title='bbox 897 3954 1110 4045; x_wconf 87' lang='lat' dir='ltr'>licet,</span> <span class='ocrx_word' id='word_1_179' title='bbox 1163 3955 1499 4033; x_wconf 89' lang='lat' dir='ltr'>dissecto</span> <span class='ocrx_word' id='word_1_180' title='bbox 1549 3959 2059 4059; x_wconf 87' lang='lat' dir='ltr'>perembryo,</span> <span class='ocrx_word' id='word_1_181' title='bbox 2106 3957 2330 4034; x_wconf 89' lang='lat' dir='ltr'>basin</span> <span class='ocrx_word' id='word_1_182' title='bbox 2359 3981 2597 4056; x_wconf 77' lang='lat' dir='ltr'>gem-</span> 
     </span>
     <span class='ocr_line' id='line_1_33' title="bbox 549 4068 2600 4173; baseline 0.002 -29"><span class='ocrx_word' id='word_1_183' title='bbox 549 4068 818 4145; x_wconf 86' lang='lat' dir='ltr'>mulae</span> <span class='ocrx_word' id='word_1_184' title='bbox 897 4093 1084 4145; x_wconf 87' lang='lat' dir='ltr'>cum</span> <span class='ocrx_word' id='word_1_185' title='bbox 1163 4071 1489 4170; x_wconf 83' lang='lat' dir='ltr'>vaginae</span> <span class='ocrx_word' id='word_1_186' title='bbox 1541 4072 1841 4173; x_wconf 67' lang='lat' dir='ltr'>diploe</span> <span class='ocrx_word' id='word_1_187' title='bbox 1929 4070 2470 4149; x_wconf 86' lang='lat' dir='ltr'>confluentem</span> <span class='ocrx_word' id='word_1_188' title='bbox 2555 4096 2600 4149; x_wconf 90' lang='lat' dir='ltr'>e</span> 
     </span>
    </p>
   </div>
  </div>
 </body>
</html>
