2843 4800
520 316 627 463 ²⁶.
1296 340 1791 418 PLANTA.

525 557 719 622 ossa,
768 533 1266 633 cartilagines,
1299 535 1717 633 ligamenta
1750 500 2194 617 fluidorum
2226 556 2569 643 recepta-

404 698 418 717 ,
521 647 727 737 cula,
773 649 860 724 in
908 650 1434 726 statu.saltem
1485 650 1793 742 adulto,
1841 677 2011 728 uon
2059 668 2265 738 sunt,
2367 738 2372 745 ,

596 812 603 819 ’
715 798 1066 895 Crystalli
1146 812 1359 875 totae
1440 799 1742 877 solidae
1814 815 2000 877 sunt
2082 815 2159 878 et
2238 826 2282 878 e
2343 801 2567 878 fibris

518 925 879 987 constant
927 911 1094 1010 (cfr.
1144 938 1379 1016 supra
1430 915 1491 1011 §.
1542 914 1663 1011 7.).
1776 915 2371 1013 Progrediendo
2423 917 2564 1015 igi-

514 1040 648 1101 tur
696 1051 735 1101 a
788 1027 1157 1125 crystallis
1207 1025 1307 1103 ad
1348 1027 1651 1129 plantas
1692 1028 2041 1106 invenies
2073 1029 2312 1107 fibras
2342 1031 2562 1134 plan-

512 1154 808 1229 tarum,
903 1139 1045 1216 sed
1127 1166 1379 1229 cavaS,
1474 1155 1754 1244 utpote
1831 1144 2075 1233 vivas,
2159 1170 2301 1220 seu
2381 1171 2568 1220 vasa·

513 1252 811 1329 fibrosa
862 1278 1152 1352 organa
1205 1281 1368 1331 esse
1417 1256 1809 1358 primaria,
1862 1259 2358 1361 appositione
2407 1260 2558 1335 sub

514 1367 817 1466 angulis
864 1366 1094 1443 variis
1142 1368 1799 1446 ramificationem
1834 1370 2301 1449 exhibentes.
2386 1372 2558 1471 Cel-

509 1481 719 1558 lulae
803 1507 1029 1571 vero,
1109 1484 1643 1586 utplurimum
1727 1485 1813 1559 in
1891 1486 2128 1562 series
2195 1486 2572 1585 digestae,²

512 1596 1133 1674 considerandae
1193 1613 1410 1686 sunt,
1463 1624 1548 1674 ae
1598 1600 1663 1674 si
1717 1612 1973 1674 essent
2022 1624 2063 1675 e
2112 1602 2325 1677 tubis
2377 1625 2557 1676 ena-

508 1726 665 1800 tae,
730 1712 965 1813 septis
1041 1713 1493 1789 transversis
1557 1712 1942 1798 discretiS,
2025 1738 2170 1789 seu
2234 1739 2276 1789 e
2345 1714 2558 1789 tubis

508 1826 698 1902 hinc
744 1825 936 1902 inde
986 1827 1423 1903 constrictis
1475 1839 1552 1902 et
1596 1826 1682 1899 in
1733 1824 2047 1901 cellulas
2099 1826 2448 1927 dilapsis,

707 1965 963 2043 Simili
1012 1962 1289 2039 modo‘
1322 1989 1487 2063 quo
1539 1961 1787 2037 fibrae
1838 1963 2240 2064 appositae
2288 1962 2556 2039 lamel-

504 2081 618 2157 las
680 2078 1228 2178 crystallorum
1287 2075 1671 2163 sormant‚
1756 2090 1833 2152 et
1895 2077 2155 2152 tubuli
2220 2075 2554 2178 appositi

501 2195 989 2296 plantarum,
1067 2217 1502 2267 nervorum
1567 2184 1940 2278 nomine,⁸
2010 2205 2268 2292 partes
2331 2188 2553 2265 solia-

506 2334 678 2385 ceas
722 2304 1051 2416 sistunt.
1173 2310 1340 2382 Hae
1411 2329 1601 2415 vero
1668 2310 1860 2378 sese*
1899 2328 2069 2379 non
2122 2304 2557 2391 decussant,

503 2423 644 2501 sed
697 2423 1205 2525 complicatae
1256 2434 1333 2496 et
1381 2418 1855 2495 convolutae
1903 2442 2193 2517 organa
2236 2443 2553 2518 genera-

499 2538 706 2616 toria
752 2536 1081 2613 tandem
1132 2530 1643 2613 constituunt.
2039 2627 2042 2630 ¹

692 2674 993 2768 Fluida
1038 2698 1475 2776 corporum
1536 2670 2097 2771 organicorum
2176 2672 2261 2748 in
2309 2671 2552 2774 -ipso-

498 2816 687 2867 rum
765 2789 1274 2892 receptaculis
1348 2800 1751 2874 contenta,
1833 2788 2230 2866 rarissime
2302 2810 2552 2887 aquea

498 2919 717 2994 sunt,
767 2906 910 2982 sed
968 2904 1230 2981 statim
1277 2902 1808 2994 mutationem
1858 2903 2221 2977 subeunt.
2317 2902 2550 2973 Latex

499 3045 850 3123 aquosus
938 3043 983 3095 e
1077 3017 1404 3096 ramulis
1493 3018 1692 3095 Vitis
1778 3014 2153 3091 viniferae
2234 3011 2548 3088 resectis

495 3136 793 3214 stillans
840 3103 1402 3233 mucilaginem
1454 3128 1793 3205 dimittit.

690 3272 973 3350 Fluida
1000 3286 1161 3345 tam
1193 3267 1766 3367 vegetabilium,
1801 3221 2047 3366 quam
2082 3262 2545 3341 animalium

498 3390 871 3492 globulos
932 3383 1265 3470 vehunt,
1346 3382 1434 3456 in
1493 3380 1877 3476 sanguine
1934 3379 2288 3510 primum
2357 3403 2545 3455 con-

498 3517 825 3607 spectos.
944 3500 1273 3584 saccus,
1338 3494 1479 3596 qui
1538 3507 1864 3570 vocatur
1908 3493 2280 3595 proprius
2326 3492 2544 3593 plan-

498 3634 794 3702 tarum,
856 3610 1316 3716 praesertim
1377 3606 1771 3706 ejusmodi
1825 3608 2176 3706 globulis
2238 3619 2355 3682 est
2424 3631 2542 3683 re-

501 3732 764 3809 fertus,
878 3726 1083 3803 Hinc
1146 3722 1468 3801 credere
1529 3724 1739 3811 licet,
1773 3721 2161 3821 globulos
2209 3718 2402 3795 istos
2452 3744 2540 3794 ea

500 3846 573 3920 vi
622 3842 832 3919 vitali
883 3863 1051 3918 esse
1078 3838 1463 3926 'donatos
1511 3861 1716 3940 quae
1765 3833 2036 3912 fluidis
2082 3833 2305 3919 inest,
2355 3857 2541 3907 nam
2631 3845 2632 3848 ’

500 3958 749 4037 fluida
815 3956 1018 4060 ipsa,
1064 3967 1347 4057 utpote
1396 3967 1668 4032 centro
1720 3974 1887 4027 non
1938 3946 2259 4035 donata,
2307 3947 2380 4021 vi
2431 3946 2540 4023 vi-

498 4073 632 4152 tali
682 4094 945 4150 carere
990 4069 1379 4148 videntur.
