2843 4800
1113 327 1266 403 FO
1287 326 1502 403 LIA.
2194 332 2338 405 195

275 539 424 600 tur.
523 522 934 621 Elegantes
987 525 1089 602 de
1137 528 1284 603 hac
1336 525 1793 603 evolutione
1856 526 2331 604 observatio-

279 663 417 713 nes
492 639 867 714 indicavit
936 641 1318 743 Malpighi
1383 643 1651 740 (Anat
1712 641 1815 743 pl.
1884 639 1984 716 de
2044 663 2338 740 gemm

275 752 418 829 Ed.
469 753 715 851 Lugd.
765 781 840 854 p.
893 757 1078 852 43.).

474 871 682 945 Cum
744 867 1036 945 folium
1102 870 1511 947 evolutum
1576 869 1870 955 fuerit,
1914 870 2099 946 alias
2165 894 2340 947 non

281 982 494 1058 subit
537 983 1036 1071 mutationes
1073 984 1330 1060 donec
1379 983 1792 1060 dilabatur.
1886 988 2101 1059 Tum
2136 1012 2339 1086 quo-

284 1122 439 1197 que
506 1097 618 1171 nil
681 1097 831 1172 nisi
908 1090 1266 1175 color⁸em
1338 1113 1630 1184 mutat;
1703 1099 1962 1209 forma
2041 1101 2339 1202 absque

279 1211 721 1287 mutatione
808 1227 1125 1313 perstat¹
1184 1237 1443 1315 usque
1527 1213 1627 1289 ad
1716 1213 2338 1305 exsiccationem.

280 1325 666 1403 Accrescit
712 1339 976 1402 tamen
1026 1327 1110 1400 in
1161 1325 1522 1403 bulbosis
1557 1327 1847 1404 solium
1881 1328 2130 1425 magis
2171 1354 2340 1404 ver-2

182 1468 187 1477 “
284 1465 417 1515 sus
472 1440 732 1526 basin,
795 1465 1039 1541 quarn
1102 1444 1373 1515 versus
1437 1443 1738 1542 apicem
1806 1443 1984 1539 (Du
2059 1444 2337 1519 Hamel
2469 1431 2474 1436 ’

281 1554 507 1650 Phys.
559 1551 634 1627 d.
685 1554 884 1629 arbr.
946 1559 1026 1637 L.
1076 1558 1143 1629 2.
1198 1555 1314 1629 ch.
1365 1558 1433 1629 2.
1486 1570 1616 1630 art.
1669 1556 1786 1652 6.)
1839 1569 1931 1629 ut
1976 1555 2062 1628 in
2116 1558 2346 1634 caule·

285 1682 361 1743 et
404 1668 666 1743 radice
719 1668 1232 1745 observamus
1278 1669 1691 1769 inaequale
1738 1671 2296 1748 incrementur.
2418 1746 2423 1751 .

473 1786 566 1858 In
629 1805 943 1880 gemma
1005 1782 1197 1859 folia
1246 1783 1477 1861 variis
1526 1783 1793 1858 modis
1844 1783 2196 1862 involuta
2250 1812 2338 1862 ac

284 1897 705 1972 convoluta
755 1913 976 1982 sunt3
1029 1898 1573 1998 explanatione
1621 1898 1861 1995 igitur
1912 1896 2012 1989 ad
2050 1912 2340 1975 statum

283 2011 646 2087 adultum
695 2011 1185 2111 perveniunt.
2424 2076 2432 2084 .

474 2127 850 2213 Mutatio,
936 2153 1091 2227 qua
1187 2123 1536 2202 fasciculi
1629 2124 1915 2222 lignosi
2024 2149 2348 2204 concre-
2454 2200 2458 2204 .

284 2256 540 2328 scunt,
611 2265 706 2316 eo
775 2255 1137 2342 tempore
1216 2239 1536 2339 jamjam
1598 2239 1772 2315 fieri
1856 2238 2091 2327 solet,
2174 2266 2355 2342 quo⁴

256 2355 625 2459 'petiolus
694 2356 1038 2453 emergit.
1152 2359 1342 2432 Post
1418 2353 1960 2431 evolutionem
2038 2354 2344 2433 nullam

284 2472 523 2569 igitur
572 2471 784 2545 subit
832 2469 1125 2545 folium
1172 2471 1722 2546 mutationem.

479 2589 666 2660 Non
713 2583 1361 2687 reproducuntur
1406 2579 1618 2670 solia,
1654 2606 1800 2656 nec
1846 2606 2133 2666 eorum
2166 2608 2342 2683 par-

285 2714 402 2776 tes
450 2700 992 2800 restituuntur,
1050 2722 1195 2773 nec
1243 2695 1567 2771 vulnera
1616 2695 1807 2795 ipsis
1858 2709 2172 2782 nocent,
2222 2697 2341 2771 uti

285 2814 556 2890 multis
623 2812 1174 2915 experimentis
1235 2809 1604 2911 probavit
1653 2807 2034 2885 Senebier
2093 2809 2355 2906 (Phy-3

288 2929 455 3005 siol.
506 2941 750 3026 veget.
802 2932 890 3004 T.
944 2932 1008 3002 1.
1055 2952 1131 3026 p.
1185 2923 1421 3019 427.)

298 3146 342 3230 1
361 3146 497 3235 16.
619 3142 902 3233 Folia
977 3168 1321 3231 versus
1399 3140 1772 3228 medium
1835 3117 2106 3227 caulis
2167 3170 2346 3254 ma-

412 3290 750 3372 ximam
825 3281 1028 3370 hab
1039 3294 1216 3371 ent
1287 3277 2005 3399 explicationem3
2067 3282 2347 3366 minus

414 3427 863 3541 explicata
926 3434 1161 3511 sunt
1218 3425 1693 3521 seminalia,
1761 3431 1860 3508 et
1923 3451 2148 3541 quae
2159 3419 2347 3537 flo-

412 3566 658 3652 ribus
721 3565 1563 3681 appropz‘nquantur.
2079 3682 2085 3688 ἢ

480 3730 705 3808 Folia
771 3729 1175 3807 seminalia
1243 3754 1287 3805 e
1349 3725 1955 3827 cotyledonihus
2007 3723 2349 3802 oriunda

295 3846 612 3950 nonnisi
679 3846 764 3920 in
826 3843 1471 3941 Dicotyledoneis
1536 3843 1804 3930 obvia,
1869 3841 2350 3941 plerumque

298 3959 541 4036 ovalia
595 3973 815 4048 sunt,
869 3958 1229 4055 oblonga
1268 3972 1404 4035 aut
1449 3956 1903 4042 lanceolata,
1943 3953 2352 4029 interdum

298 4072 612 4150 cordata
666 4088 744 4149 et
793 4072 1305 4171 emarginata,
1363 4071 1617 4152 rarius
1665 4068 2049 4172 bipartita.
2147 4068 2354 4144 Alias

1595 4188 1690 4262 13
1722 4184 1757 4219 ¹⁸
