2843 4800
517 278 670 352 282
856 336 861 345 ,
1387 276 1708 353 FLOS.

517 459 769 575 petala
836 469 1192 571 ejusdem
1261 471 1478 549 orbis
1545 488 1767 552 aucta
1823 475 2356 551 observantur.
2459 476 2579 551 Si-

516 588 690 665 mul
747 601 823 663 et
874 587 1147 684 calycis
1200 602 1600 687 segmenta
1648 589 2077 691 phyllaque
2128 603 2205 665 et
2236 590 2610 665 stamina.

518 717 742 780 aucta
811 726 977 777 esse
1025 701 1314 789 solent,
1378 701 1810 779 interdum·
1837 705 1899 779 si
1952 703 2242 805 duplex
2292 729 2574 780 nume-

513 844 652 894 rus
734 817 1165 893 staminum
1257 816 1600 909 adfuerit
1680 831 1755 909 et
1830 818 1912 892 in
1982 818 2277 893 corolla
2349 834 2571 895 aucta

517 931 809 1033 duplex
859 946 989 1006 est.
1087 931 1505 1009 Interdum
1555 956 1742 1007 vero
1798 947 2320 1029 augmentumn
2350 933 2571 1009 haud

515 1047 943 1144 analogum
1010 1058 1152 1131 est,
1203 1046 1312 1121 sic
1361 1047 1446 1120 in
1500 1046 1986 1147 Campanula
2035 1046 2306 1123 Medio
2358 1050 2571 1146 Iiige-

511 1187 650 1238 rus
701 1160 1017 1237 lacinias
1065 1164 1136 1236 8-
1166 1160 1480 1257 calyciS,
1530 1160 1847 1236 lacinias
1895 1167 1943 1236 9
1996 1161 2358 1249 corollae,
2422 1178 2569 1237 sta-

510 1276 842 1352 mina-'7
911 1275 1229 1363 anthera
1297 1276 1533 1351 unica
1582 1276 1862 1376 partita
1913 1289 1990 1351 et
2035 1280 2084 1351 6
2133 1275 2374 1373 stylos
2427 1277 2572 1352 ob-

512 1389 843 1476 servavit
892 1391 1012 1490 (p.
1062 1390 1246 1487 90.).

702 1505 977 1581 Flores
1012 1505 1234 1603 quasi
1272 1529 1313 1579 e
1350 1503 1670 1581 duobus
1705 1517 2087 1579 connatos
2123 1504 2305 1580 citat
2346 1502 2567 1581 idem

508 1624 739 1719 Jager
790 1621 911 1720 (p.
960 1624 1076 1693 91.
1096 1617 1149 1714 ).
1737 1687 1741 1691 .

588 1808 589 1811 ,
704 1734 977 1810 Flores
1041 1731 1535 1833 multiplicati
1600 1747 1816 1821 sunt,
1880 1733 1944 1807 si
2010 1757 2261 1808 novae
2326 1731 2565 1808 series

509 1876 653 1928 seu
715 1850 903 1925 novi
972 1848 1205 1925 orbes
1273 1847 1718 1948 petaloru'm
1774 1847 2159 1925 oriuntur.
2264 1846 2564 1948 Saepis-

507 1967 709 2042 sime
774 1963 1046 2038 omnia
1107 1962 1439 2036 stamina
1502 1960 1742 2035 simul
1805 1961 1889 2035 in
1953 1958 2203 2062 petala
2267 1973 2564 2036 mutata

507 2080 1047 2180 reperiuntur,
1131 2099 1361 2175 saepe
1417 2072 1843 2165 ‚filamenta
1925 2073 2225 2175 petalis·
2281 2075 2563 2150 similia

509 2192 888 2278 evadunt,
940 2190 1284 2265 antheris
1337 2187 1536 2288 apici
1587 2188 2200 2264 inhaerentibus.
2299 2189 2564 2267 Multi-

505 2307 835 2411 plicatos
899 2303 1227 2378 dixerim
1289 2302 1529 2378 flores
1596 2302 1887 2404 quibus
1948 2303 2333 2404 pistillum
2394 2327 2561 2379 non

504 2435 904 2497 mutatum
959 2432 1100 2506 est,
1153 2418 1336 2494 alias
1386 2418 1686 2519 plenos.
1784 2418 2119 2495 Facilius
2182 2417 2563 2520 multipli-

508 2550 785 2612 cantur
849 2531 1194 2608 corollae
1257 2532 1747 2634 polypetalae
1799 2559 2042 2632 quam
2091 2547 2559 2633 monopeta-

503 2650 660 2739 lae,
709 2647 1104 2746 regulares
1156 2651 1399 2747 quam
1448 2646 1944 2745 irregulare8‚
2007 2648 2406 2739 rarissime
2455 2648 2558 2723 la-

504 2767 709 2841 biata
775 2778 849 2839 et
906 2762 1475 2863 papilionacea,
1534 2763 1764 2862 ,quasi
1832 2760 1984 2858 jam
2063 2775 2560 2854 monstrosae

507 2892 800 2955 essent.-
878 2876 1195 2953 Plantae
1244 2877 1329 2952 in
1380 2876 1773 2956 sterilibus
1821 2876 2018 2951 locis
2079 2889 2558 2976 spontaneae

501 2995 588 3068 in
670 2990 845 3068 solo
930 2990 1163 3078 fertili
1246 2991 1616 3067 facillime
1696 2989 1936 3082 flores
2017 2990 2301 3092 plenos
2373 3015 2562 3091 pro·

505 3107 830 3183 ducunt.

701 3218 1019 3296 Corolia
1068 3220 1155 3293 in
1208 3219 1517 3294 climate
1566 3216 1870 3316 frigido,
1907 3216 2126 3315 haud
2177 3242 2356 3293 raro
2426 3215 2558 3293 de-

502 3333 670 3409 ficit
719 3346 853 3407 aut
898 3359 1132 3434 parva
1184 3346 1316 3421 est,
1366 3357 1513 3409 nec
1564 3332 2004 3432 explicatur,
2056 3357 2300 3435 quam
2352 3332 2566 3438 elan-A

504 3447 895 3523 destinam
966 3471 1367 3523 vocamus.
1485 3446 1679 3523 Vice
1739 3473 1957 3523 versa
2021 3445 2406 3521 corollam
2471 3446 2556 3521 in

422 3620 437 3641 .
502 3562 813 3638 climate
866 3560 1242 3636 calidiore
1291 3561 1721 3658 oblitterari
1777 3562 2074 3646 Giboin
2128 3575 2404 3636 auctor
2440 3574 2557 3636 est

503 3679 989 3776 (Fragment.
1066 3700 1206 3750 aus
1281 3674 1355 3750 d.
1429 3674 1769 3773 Physiol.
1848 3674 1919 3749 d.
1985 3673 2555 3770 Pflanz.,1803.

497 3818 572 3891 p.
626 3796 737 3870 18.
754 3792 807 3886 ).
906 3788 1143 3867 Viola-
1190 3792 1464 3866 canina
1516 3804 1593 3866 et
1638 3788 2021 3865 mirabilis
2070 3813 2252 3864 vere
2314 3787 2554 3865 flores

501 3906 955 3991 corollinaS,
994 3918 1292 3998 ‘aestate
1342 3904 1694 4006 apetalas.
1717 3902 2204 4005 producunt.

694 4023 788 4094 In
839 4017 1325 4120 Compositis
1362 4017 1724 4110 ‚corollae
1770 4015 2190 4098 tubulosae
2241 4015 2438 4093 disci
2467 4016 2550 4091 in
