2843 4800
551 293 667 428 s28
1084 324 1087 327 ’
1340 350 1738 430 PLANT
1757 355 1839 429 A.

569 549 1294 627 combinationibus
1339 550 1854 652 quantitatem
1888 552 2264 650 oxygenei
2298 550 2610 643 alterius

566 662 801 762 oxydi
854 689 1019 742 esse
1055 664 1505 766 multiplam
1548 664 1992 741 secundum
2025 690 2457 746 numerum
2487 672 2604 746 in-

563 791 875 876 tegrum
926 780 1300 879 oxygenei
1361 778 1449 854 in
1513 778 1755 856 altero
1820 779 2081 877 oxydo
2141 796 2430 859 notum
2478 799 2608 861 est.

560 894 932 970 Materiae
987 919 1175 971 vero
1233 918 1277 969 e
1321 892 1879 989 vegetabilibus
1931 894 2228 971 elicitae
2274 897 2481 973 inter
2525 922 2609 976 se

559 1003 868 1103 junctae
892 1008 1098 1085 hanc
1121 1007 1378 1106 legem
1402 1030 1572 1082 non
1597 1006 1822 1108 sequi
1844 1006 2231 1085 videntur.
2263 1009 2610 1088 Modum

556 1134 859 1211 tamen,
926 1147 1091 1223 quo
1154 1121 1344 1197 huic
1405 1120 1561 1219 legi
1626 1117 2013 1219 subjectae
2079 1146 2245 1199 esse
2301 1126 2617 1225 possint

556 1234 1111 1312 indicaverunt
1144 1233 1483 1311 Bischof
1520 1248 1596 1311 et
1639 1236 1906 1312 Rothe
1954 1237 2136 1334 (Die
2167 1239 2609 1316 Entwicke-

555 1349 756 1448 lung
806 1349 948 1426 der
991 1348 1735 1426 Pflanzensubstanz
1785 1374 1947 1427 von
1994 1354 2200 1426 Nees
2247 1377 2314 1426 v.
2363 1356 2610 1431 Esen-

554 1464 789 1554 beck,
859 1462 1196 1540 Bischos
1253 1460 1429 1538 und
1499 1463 1782 1541 Rothe.
1853 1464 2161 1563 Erlang.
2214 1470 2428 1543 1819.
2490 1466 2609 1564 4.)
2745 1442 2746 1445 ¹

556 1601 704 1652 nec
767 1578 1036 1653 minus
1098 1575 1520 1674 Avogadro
1574 1577 2008 1674 (Memorie
2058 1577 2263 1656 della
2311 1579 2613 1658 Acade*

553 1692 716 1769 mia
769 1690 849 1767 di
901 1691 1239 1768 Torino
1259 1717 1333 1793 Ρ.
1385 1693 1597 1768 1821.
1644 1718 1720 1792 Ρ.
1773 1691 2009 1788 440.).

532 1906 535 1909 Α
751 1824 956 1931 Sunt
1014 1823 1384 1921 materiae
1453 1844 1496 1897 e
1553 1819 2115 1917 vegetabilibus
2177 1822 2610 1914 extricatae,

554 1959 760 2038 quae
821 1961 1138 2037 semper
1203 1934 1530 2011 eaedem
1587 1934 2118 2034 reperiuntur,
2145 1938 2610 2037 quomodo

553 2065 692 2143 aut
756 2074 800 2125 e
865 2049 1157 2151 quibus
1220 2048 1505 2150 plantis
1553 2061 1959 2172 parentur,
2035 2072 2098 2124 e.
2148 2072 2217 2148 g.
2267 2049 2613 2141 alcohol,

552 2161 873 2238 acidum
939 2161 1356 2251 aceticum,
1416 2163 1871 2237 tartaricum
1922 2175 2059 2237 etc.
2159 2167 2366 2240 Sunt
2409 2189 2611 2242 vero
2681 2206 2696 2217 -’

517 2276 780 2376 aliae,
831 2301 1035 2378 quae
1083 2300 1232 2378 pro
1285 2275 1579 2377 specie,
1629 2301 1673 2354 e
1724 2302 1880 2378 qua
1929 2290 2239 2378 paratae
2286 2275 2613 2368 suerint,

552 2390 900 2496 diversae
954 2391 1502 2481 observantur,
1556 2418 1618 2470 e.
1667 2415 1735 2492 g.
1783 2390 2107 2480 resinae,
2156 2389 2613 2484 alcaloidea,

547 2505 1078 2604 mucilagines.
1175 2510 1396 2582 Hanc
1443 2506 1892 2582 varietatem
1940 2507 2026 2580 in
2072 2505 2328 2582 modo
2384 2531 2613 2583 com-

546 2620 967 2722 positionis
1026 2620 1449 2722 praecipue
1510 2620 1856 2722 positam
1917 2644 2083 2697 esse
2148 2644 2318 2698 non
2371 2620 2614 2700 dubi-

542 2735 892 2810 taverim.

509 2941 519 2955 ,
738 2870 1005 2941 Partes
1087 2889 1525 2967 corporum
1608 2863 2173 2963 organicorum
2249 2864 2339 2939 in
2425 2871 2615 2946 aere

543 2980 794 3079 magis
863 2981 1294 3084 minusque
1365 2978 1593 3056 facile
1668 2978 2254 3055 comburuntur
2326 2990 2408 3054 et
2471 2980 2666 3058 de-x

412 3125 415 3130 ·
544 3110 1164 3198 componuntur.
1292 3095 1669 3173 Retinent
1747 3088 1964 3166 acida
2043 3090 2615 3190 vegetabilium

502 3209 748 3296 ,hanc
794 3209 1157 3286 indolem
1204 3209 1288 3284 in
1340 3204 1931 3284 combinatione
1980 3204 2367 3297 chemica‚
2431 3234 2611 3288 non

542 3321 812 3397 solum
876 3323 1090 3397 enim
1147 3321 1318 3397 Kali
1395 3319 1810 3405 aceticum,
1873 3317 2016 3394 sed
2065 3346 2401 3424 quoque
2453 3338 2648 3401 tar-A

540 3449 756 3511 tarus
805 3434 1160 3511 stibiatus
1205 3434 1293 3509 in
1344 3459 1548 3537 aqua
1598 3431 1857 3509 soluta
1908 3443 1986 3510 et
2034 3436 2193 3511 aeri
2247 3440 2611 3538 exposita

541 3549 929 3625 viscosam
993 3549 1328 3646 gignunt
1383 3547 1796 3624 materiam
1857 3546 1941 3623 in
2002 3547 2412 3649 pelliculas
2467 3541 2610 3630 'ex-

540 3690 870 3768 pansam
905 3676 983 3739 et
1011 3662 1096 3747 in
1129 3661 1377 3738 varias
1408 3661 1872 3740 Mucedines
1906 3654 2568 3744 efflorescentem.

544 3923 683 4010 20.
814 3913 1359 4033 Qualitates
1442 3916 2017 4036 plantarum
2082 3929 2252 4052 aut
2307 3923 2610 4040 physi-

668 4092 827 4148 cae
891 4069 1144 4159 sunt,
1205 4055 1351 4147 uti
1411 4055 1848 4173 gravitas·
1893 4052 2393 4176 specifica,
2441 4089 2608 4154 co-
