2843 4800
514 345 662 426 :376
1154 285 1910 426 VEGETATIoss

1404 854 1662 984 ΧΠ.

861 1069 2297 1244 VEGETATIQ⁴

525 1453 727 1554 199.
820 1457 1316 1560 Humores',
1395 1413 1570 1575 qui
1629 1455 2079 1574 plantam
2147 1458 2571 1558 nutrzunt,

647 1595 889 1685 dum
974 1596 1631 1694 hauriuntur,
1720 1598 2304 1683 mutatzonem
2373 1595 2570 1683 sub-

552 1745 557 1750 ’
645 1753 846 1825 eunt
910 1748 1010 1825 et
1069 1769 1303 1827 succl
1362 1733 1640 1824 fiunt.

710 1910 1177 2006 Numquam
1224 1857 1609 1981 humores
1659 1859 2000 1990 colorati
2035 1923 2203 2000 per
2200 1865 2568 1978 radicem

522 2022 827 2119 integro
894 2033 1180 2095 tectam
1247 2017 1534 2095 cortice
1582 2029 2020 2104 transeunt,
2069 2013 2210 2090 sed
2258 2028 2572 2089 tantum

407 2145 410 2154 '
519 2160 664 2234 per
709 2147 1085 2211 resectam
1138 2145 1215 2210 et
1247 2130 1613 2232 apicibus
1664 2142 2119 2230 corruptam
2182 2126 2567 2227 (Grundl.

523 2247 597 2322 d.
652 2248 891 2334 Anat.
958 2245 1032 2321 d.
1104 2244 1245 2321 Pss.
1317 2272 1392 2346 p.
1467 2244 1651 2340 72).
1774 2249 1942 2321 Nec
2002 2267 2208 2318 nova
2269 2236 2568 2342 experi-

522 2373 785 2436 menta
841 2360 1396 2447 innotuerunt,
1479 2382 1622 2459 per
1696 2382 1902 2459 quae
1981 2358 2410 2459 probatum
2466 2358 2567 2441 sit

521 2475 874 2575 liquores
937 2472 1330 2553 coloratos
1393 2470 1615 2549 haud
1675 2486 2022 2549 mutatos
2081 2473 2166 2551 in
2216 2471 2564 2549 radicem

522 2589 833 2665 intrare.

713 2700 1030 2778 Plantae
1092 2701 1179 2776 in
1242 2700 1418 2777 solo
1500 2714 1927 2778 stercorato
2005 2684 2379 2778 edu'catae
2439 2725 2561 2775 ra·
2631 2717 2650 2729 ·

524 2814 737 2892 di‘ces
783 2810 1107 2903 habent,
1155 2815 1240 2889 in
1291 2815 1585 2916 quibus
1633 2806 1778 2890 nec
1829 2812 2071 2902 odor,
2134 2840 2280 2890 nec
2330 2832 2567 2915 sapor

523 2927 883 3005 stercoris
941 2930 1289 3004 sentitur.
1399 2927 1733 3005 Radices
1807 2927 2254 3028 liquoribus
2318 2929 2566 3005 dulci·

521 3043 674 3118 bus
748 3055 883 3118 aut
973 3041 1394 3118 odoriferis
1470 3034 1916 3147 impositae,
2007 3042 2206 3121 dum
2283 3043 2564 3140 vigent,

522 3148 745 3231 nullo
798 3154 1051 3231 modo
1099 3156 1607 3260 peregrinum
1656 3180 2020 3257 saporem
2057 3171 2191 3234 aut
2224 3156 2565 3232 odorem

525 3282 955 3347 assumunt.

713 3380 1216 3458 Ventriculus
1278 3380 1725 3482 plantarum
1799 3382 2038 3480 igitur
2099 3399 2305 3460 terra
2356 3397 2473 3460 est
2518 3409 2562 3459 e

525 3492 683 3594 qua
754 3494 1054 3570 radices
1127 3519 1405 3571 succos
1479 3495 1849 3571 nutritios
1934 3495 2224 3573 eodem
2273 3482 2561 3573 ‘modo

519 3606 931 3695 hauriunt,
983 3633 1146 3708 quo
1198 3633 1374 3685 vasa
1425 3608 1793 3707 chylifera
1844 3610 2325 3689 animalium.

715 3724 1015 3796 Succus
1081 3722 1218 3822 qui
1294 3746 1539 3797 verno
1612 3737 1972 3824 tempore
2033 3725 2118 3802 in
2183 3726 2565 3802 arborum

522 3834 737 3931 ligno
802 3833 1204 3922 ascendit,
1284 3834 1620 3911 minime
1699 3861 1998 3937 aqueus
2077 3853 2223 3925 est,
2322 3838 2565 3914 nullis

521 3947 866 4024 materiis
948 3947 1218 4024 alienis
1298 3949 1687 4038 imbutUS,
1781 3950 1923 4026 sed
2003 3951 2564 4050 mucilaginem

523 4058 798 4139 saliem
878 4062 1499 4167 saccharumque
1581 4065 1947 4144 continet.
2082 4067 2288 4143 Cum
2375 4090 2563 4144 vero
