2843 4800
573 328 677 403 92
1074 297 1099 402 .’
1223 322 1989 405 sTRUc‘rtJna.
2090 407 2096 416 ,

770 517 1100 604 Canales
1151 550 1318 604 esse
1368 550 1515 603 seu
1560 524 1889 603 tubulos
1904 551 1923 615 3
1974 549 2336 628 quorum
2383 525 2626 628 parie-

573 655 689 717 tes
741 665 785 718 e
834 640 1057 716 fibris
1105 641 1554 717 tenerrimis
1603 641 1877 717 helicis
1926 642 2008 716 in
2059 640 2406 717 modum
2440 663 2622 714 con-

573 754 801 830 tortis
869 769 1231 831 constent
1303 748 1523 831 nunc
1602 756 1981 858 Sprengel
2051 756 2343 831 adserit
2414 749 2622 847 (Anl.

574 894 638 947 z.
710 875 799 945 Κ.
876 868 950 946 d.
1029 874 1239 947 Gew.
1301 869 1446 947 Ed.
1508 873 1578 945 2.
1644 898 1717 972 p.
1780 873 1959 967 28..)
2081 870 2622 996 Membranam

574 997 1176 1060 connectentem
1226 999 1462 1083 negat
1505 985 1589 1059 in
1638 985 1766 1060 his
1814 985 2169 1061 inveniri.
2575 1029 2580 1033 ·

760 1097 1087 1177 Fibram
1150 1098 1519 1198 spiralem
1585 1123 1755 1174 non
1807 1121 1974 1176 esse
2022 1124 2296 1176 veram
2344 1094 2622 1170 fibram

572 1193 737 1288 sed
761 1212 1144 1288 laminam
1191 1212 1404 1287 intus
1456 1237 1882 1289 concavam
1934 1229 2152 1289 extus
2202 1232 2626 1287 convexam

574 1327 773 1404 olim
821 1328 1210 1435 proposui
1245 1326 1615 1422 (Grundl.
1648 1355 1721 1429 Ρ.
1757 1331 1872 1404 46.
1905 1329 2348 1424 Nachtrage
2381 1352 2453 1425 Ρ.
2488 1324 2626 1417 10.)
2741 1389 2774 1408 ⁷.

570 1447 804 1519 Nunc
866 1468 1054 1518 vero
1125 1466 1311 1517 cum
1360 1441 1776 1540 Hedwigio
1827 1441 2155 1518 tubulos
2208 1465 2383 1526 esse
2431 1434 2624 1513 mihi

542 1547 1039 1660 'persuasum
1102 1555 1158 1630 h
1164 1557 1385 1633 z.1beo
1496 1556 1995 1633 Diametrum
2065 1557 2289 1632 enim
2338 1553 2627 1630 habent

573 1685 690 1747 sat
755 1671 1315 1773 conspicuum,
1392 1669 1784 1747 diametro
1849 1696 2225 1747 vasorum
2297 1665 2627 1746 fibroso-

569 1811 755 1862 rum
818 1811 1048 1888 saepe
1109 1810 1278 1862 non
1327 1787 1765 1871 minorem,
1828 1808 1975 1860 nec
2023 1785 2301 1862 minus
2349 1779 2626 1877 margi-

572 1924 714 1975 nes
797 1902 1184 1977 obscuros
1264 1914 1356 1975 ut
1437 1898 1698 1974 solent
1774 1911 2035 2001 partes
2131 1924 2402 1988 cavae,
2499 1891 2654 1971 cfr„

573 2021 662 2093 Τ.
714 2020 779 2092 1.
828 2014 879 2090 f.
931 2019 1046 2090 16.
1153 2057 1160 2065 -

759 2128 1311 2204 Membranam
1350 2190 1357 2196 .
1407 2141 2004 2205 connectentem
2031 2184 2050 2215 ,
2134 2145 2626 2228 quamquam
2668 2190 2672 2196 .

566 2241 1097 2332 tenerrimam,
1133 2242 1405 2318 adesse
1455 2267 1624 2320 non
1677 2242 1982 2330 dubito,
2035 2266 2221 2335 cum
2271 2243 2358 2318 in
2404 2235 2628 2321 vasis,

569 2381 774 2457 quae
822 2354 1236 2459 fenestrata
1286 2382 1527 2446 voc0,
1577 2356 1990 2435 manifesta
2039 2356 2155 2434 sit.

492 2660 493 2663 κ
566 2607 710 2699 59.
854 2605 1204 2698 Ductus
1308 2614 1684 2728 spz’rales
1778 2608 2283 2728 simplices
2370 2614 2622 2699 sunt-

687 2749 950 2838 recti
1015 2761 1186 2840 aut
1246 2778 1611 2866 parum
1672 2746 1940 2852 flexi,
2015 2751 2618 2868 plerumque

684 2887 1271 2989 fasciculati,
1389 2890 2174 2981 extremitatibus
2263 2879 2619 2975 clausis

685 3027 877 3118 sibi
941 3028 1407 3146 appositi,
1479 3030 1731 3119 vasis
1794 3025 2192 3116 fibrosis
2258 3019 2618 3142 saepis*

684 3168 935 3257 sime
1014 3169 1491 3270 comitati,
1566 3163 2252 3280 magnitudine
2331 3175 2435 3257 et
2510 3158 2620 3276 in
2691 3242 2694 3249 f

686 3305 1053 3397 eodem
1116 3306 1595 3397 fasciculo
1661 3305 1955 3397 varia.
2035 3386 2038 3387 f

750 3496 940 3568 Non
989 3518 1353 3570 ramosos
1404 3519 1572 3571 esse
1619 3495 1863 3573 hosce
1905 3492 2193 3573 ductus
2223 3491 2385 3594 jam
2419 3485 2617 3567 olim

559 3603 1007 3686 adfirmavit
1066 3608 1547 3710 Malpighius
1614 3625 1690 3687 et
1755 3635 2037 3687 omnes
2097 3607 2265 3686 fere
2331 3618 2616 3683 conve·

557 3723 795 3800 niunt
852 3736 1232 3799 auctores·
1355 3722 1794 3801 Bernhardi
1856 3738 2169 3802 tantum
2233 3720 2434 3800 olim
2496 3711 2614 3790 re-

555 3836 935 3940 pugnavit
988 3838 1228 3935 (Ueb.
1277 3836 1939 3938 Pflanzengefiisse
1986 3866 2061 3942 p.
2110 3841 2295 3926 30.).

755 3949 836 4030 Si
903 3977 1073 4030 non
1132 3950 1324 4030 recti
1391 3968 1608 4042 sunt,
1682 3952 2014 4030 horsum
2083 3973 2413 4029 vorsum
2478 3959 2612 4043 pa·

555 4089 902 4169 rumque
951 4065 1129 4145 flexi
1183 4067 1798 4171 conspiciuntur.
1875 4122 1878 4125 -
