2843 4800
1076 368 1467 447 RADIX.
2152 371 2289 446 131

249 576 403 678 85,
526 563 1084 663 Βαᾰίεὰηίιιν
1148 529 1550 689 plantae
1613 561 1781 660 aut
1839 569 1948 662 in
2007 577 2289 674 humo.

381 725 556 803 aut
622 710 732 798 in
803 742 1070 830 aqua,
1165 722 1334 798 aut
1411 710 1523 798 in
1604 711 1810 801 aliis
1894 720 2282 844 corp—ori-

384 855 545 941 bus
610 854 1071 967 organicis,

452 1024 548 1096 In
613 1019 866 1094 humo
930 1019 1341 1118 plerasque
1400 1019 1727 1095 radic-ari
1789 1020 2086 1121 plantas
2149 1047 2292 1098 no-

255 1135 659 1211 tissimum
724 1131 854 1208 est.
964 1136 1139 1207 Huc
1204 1157 1529 1234 quoque
1577 1130 2029 1211 referendae
2076 1135 2294 1236 plan-

258 1264 420 1336 tae,
495 1271 698 1347 quae
762 1246 846 1319 in
906 1245 1131 1320 rimis
1192 1247 1517 1346 rupium
1570 1261 1703 1322 aut
1751 1250 2126 1324 arborum
2174 1277 2293 1325 ra-

264 1363 656 1446 dicantur,
734 1358 874 1433 ubi
934 1355 1187 1458 'parva
1267 1360 1497 1435 humi
1583 1362 1807 1461 copia
1890 1363 2291 1462 reperitur.

267 1480 472 1551 Sunt
531 1494 871 1574 quoque·
921 1496 1122 1572 quae
1184 1473 1270 1545 in
1331 1474 1663 1571 rupibus
1725 1498 2111 1575 arenaque
2187 1478 2292 1553 ita

267 1589 595 1685 degunt,
655 1598 749 1661 ut
808 1584 1022 1659 nulla
1081 1586 1191 1659 ibi
1222 1585 1550 1660 ‘humus
1608 1587 2055 1687 reperiatur.
2149 1593 2294 1665 Ex·

268 1714 659 1780 crementa
709 1698 1165 1774 animalium
1216 1697 1725 1799 quorundam
1775 1713 2026 1774 certos
2075 1701 2295 1778 alunt

265 1813 593 1913 fungOS,
642 1812 1098 1912 horumque
1146 1812 1491 1887 humum
1531 1811 1840 1885 sistunt.

456 1933 551 2004 In
617 1950 816 2026 aqua
880 1926 1113 2022 Algae
1177 1924 1567 2025 quaedam
1615 1923 1845 2023 plane
1895 1922 2295 2002 demersae

265 2042 781 2142 reperiuntur.
905 2042 1005 2115 At
1072 2038 1662 2139 phaneropbyta
1731 2038 2076 2137 aquatica
2132 2040 2294 2141 ple-

264 2179 509 2255 raque
575 2153 660 2227 in
721 2150 978 2226 fundo
1047 2175 1429 2251 aquarum
1478 2151 1893 2251 humoque
1948 2154 2297 2229 radican-

265 2281 428 2354 tur,
476 2290 624 2341 nec
671 2264 820 2338 nisi
869 2262 1252 2343 radiculas
1286 2264 1730 2363 superiores
1761 2265 1847 2338 in
1883 2291 2081 2364 aqua
2114 2291 2296 2366 pro-

264 2380 697 2483 pendentes
776 2377 1107 2465 habent3
1175 2375 1676 2479 paucissima,
1727 2402 1789 2453 e.
1852 2402 1919 2477 g.
1981 2382 2296 2466 Lemna‚

128 2525 146 2545 ·
265 2493 653 2570 radiculas
743 2491 1035 2566 habent
1112 2514 1395 2567 omnes
1465 2492 1667 2567 intra
1740 2517 2028 2593 aquam
2110 2495 2293 2570 sub-

264 2630 588 2683 mersas.

466 2717 774 2794 Plantae
843 2715 1293 2818 parasiticae
1374 2717 1682 2819 spuriae
1754 2715 2055 2793 radices
2128 2716 2300 2819 q'ui-

270 2832 459 2909 dem
506 2832 708 2908 intra
754 2845 1042 2907 terram
1093 2844 1363 2927 agunt,
1426 2830 1664 2906 simul
1710 2854 1898 2907 vero
1947 2832 2032 2906 in
2083 2833 2300 2909 caule

269 2944 686 3023 scandente
732 2967 1099 3021 verrucae
1148 2942 1576 3042 prodeunt,
1635 2943 2020 3019 radiculas
2079 2947 2301 3021 emit-

240 3072 513 3134 ·tentes
565 3048 768 3159 quae
815 3058 1014 3134 intra
1062 3055 1362 3160 plantas
1411 3055 1698 3131 alienas
1745 3055 2114 3154 figuntur,
2164 3058 2301 3133 ha·-

268 3180 611 3273 rumque
680 3194 1008 3247 succum
1082 3183 1484 3269 exsugunt.
1604 3170 1854 3246 Radix
1923 3151 2298 3272 ‘primaria

220 3304 227 3309 ·
269 3285 483 3361 hisce
555 3282 924 3360 radiculis
1007 3285 1306 3360 emissis
1384 3284 1856 3385 plerumque
1942 3285 2299 3389 moritur,

271 3421 333 3472 e.
394 3422 461 3496 g.
523 3398 610 3473 in
676 3399 1015 3474 Cuscuta
1077 3396 1507 3495 (Guettard
1567 3404 1802 3475 Mem.
1869 3396 1968 3475 de
2025 3396 2298 3503 l'Acad.

136 3594 141 3607 .
272 3511 409 3588 des
460 3512 753 3587 Scienc.
806 3514 994 3588 1744
1038 3538 1112 3612 p.
1165 3514 1358 3597 170..
1408 3513 1599 3589 1746
1639 3540 1718 3617 p.
1772 3513 1999 3610 189.).

458 3624 777 3700 Plantae
823 3625 1266 3724 parasiticae
1296 3642 1521 3701 verae
1552 3626 1851 3702 radices
1887 3627 2052 3702 aliis
2083 3628 2301 3728 plan-

269 3738 362 3812 tis
419 3736 794 3834 infigunt,
857 3737 1329 3839 plerumque
1392 3737 1559 3813 aliis
1616 3740 2031 3816 radicibus.
2150 3744 2303 3814 Ha·

266 3873 449 3923 rum
509 3849 975 3947 germinatio
1042 3848 1410 3926 nondum
1475 3851 1874 3928 observata
1941 3866 2084 3937 est,
2131 3872 2299 3927 me-

267 3959 415 4037 lius
458 3988 652 4053 ‘vero
704 3963 910 4039 Visci
952 3958 1005 4039 'a
1041 3964 1512 4051 camerarie,
1551 3964 1664 4042 du
1708 3963 1988 4044 Hamel
2026 3964 2298 4060 (Mem.

273 4072 367 4151 de
411 4075 693 4156 l'Acad.
747 4076 817 4151 d.
872 4080 987 4153 Sc.
1040 4079 1245 4154 1740.
1294 4098 1368 4179 p.
1417 4068 1620 4173 483.)
1664 4091 1739 4155 et
1774 4064 1873 4152 de
1908 4073 2328 4176 (hadone,
