2843 4800
546 333 698 407 3⁰8
874 327 889 342 '
1403 328 1733 406 FLOS.

550 528 1149 632 (Lobeliaceae)
1199 540 1338 606 etc.
1433 527 1854 606 Interdum
1899 529 2231 631 quoque
2273 529 2604 606 oblitte-

548 661 760 724 ratae
805 657 1011 721 snnt.
1172 675 1195 688 ¹·

552 913 757 1007 177.
852 911 1516 1035 'Cynophorum
1589 927 1735 1005 est
1815 943 2051 1033 pars
2121 914 2605 1033 pistillum

676 1057 1102 1156 elevanS‚
1205 1055 1656 1144 cinctum
1748 1056 2125 1144 annulo
2199 1053 2602 1167 glandu-

671 1197 937 1296 loso,
1014 1221 1492 1294 carnoso,
1565 1223 1956 1284 corona
2012 1193 2603 1312 petaloidea

673 1335 910 1425 setis
934 1405 955 1436 ‚
1030 1336 1757 1450 conceptaculo
1829 1332 1940 1421 in
2010 1362 2383 1449 genere
2456 1368 2604 1455 pe-

674 1480 1109 1595 rigynium
1173 1469 1651 1564 dicendis,

745 1667 916 1743 Sub
977 1665 1277 1768 pistillo
1337 1667 1591 1765 magis
1647 1666 2013 1745 minusve
2075 1667 2424 1780 elevatur
2467 1695 2603 1771 pe-

550 1780 883 1857 dunculi
956 1807 1151 1882 apex
1215 1795 1295 1857 et
1356 1805 1563 1855 nova
1624 1782 1863 1857 series
1908 1784 2259 1883 partium
2305 1784 2598 1885 incipit.

547 1903 618 1974 A
666 1897 1205 1972 contractione
1252 1893 1532 1992 calycis
1579 1893 1681 1969 ad
1730 1897 2294 1996 expansionem
2343 1898 2600 1972 corol-

547 2010 673 2085 lae
717 2008 1084 2109 procedit
1142 2009 1491 2109 partium
1536 2007 1950 2098 formatio,
2012 2025 2190 2085 tum
2241 2010 2346 2085 ad
2391 2012 2601 2086 mul·-

546 2122 1114 2221 tiplicationem
1181 2123 1561 2220 partium,
1627 2149 1824 2223 quas
1873 2125 2287 2213 contraxit,
2336 2126 2602 2201 stami-

422 2325 432 2334 ,
550 2247 754 2309 num
801 2234 1127 2321 scilicet,
1176 2259 1344 2311 sese
1394 2237 1808 2324 convertit,
1854 2237 2182 2336 tandem
2230 2240 2598 2315 subsistit.

548 2353 784 2426 Nunc
832 2348 1125 2422 iterum
1174 2374 1218 2424 a
1267 2374 1583 2426 summa
1633 2353 2202 2441 contractione,
2268 2352 2600 2450 glandu-

547 2463 646 2538 lis
719 2460 1012 2537 scilicet
1082 2461 1183 2537 ad
1258 2465 1859 2565 explicationem
1934 2468 2349 2568 pericarpii
2412 2476 2609 2569 pro-'

549 2576 924 2674 greditur.
1018 2577 1305 2654 Rarius
1350 2578 1667 2679 relapsu
1710 2581 1796 2655 in
1846 2583 2409 2684 expansionem
2467 2607 2600 2657 co-

549 2714 839 2766 ronam
884 2692 1336 2793 gynophori
1382 2690 1694 2770 format.

746 2805 1341 2906 Gynophorum
1423 2821 1540 2883 est
1614 2807 2002 2883 terminus
2100 2834 2143 2882 a
2217 2810 2595 2886 Mirbelio

548 2919 908 3021 primum
947 2921 1283 2996 usitatus
1327 2921 1628 3020 (Traite'
1674 2921 2031 2997 element.
2077 2921 2151 2997 d.
2196 2924 2599 3021 Physiol.),

551 3059 800 3134 quem
877 3036 1091 3123 voci,
1174 3034 1803 3136 carpophorum,
1884 3061 2050 3135 quo
2136 3036 2321 3112 alias
2399 3062 2597 3113 usus

548 3173 762 3237 sum,
809 3148 1191 3249 praefero.

745 3265 997 3363 Saepe
1059 3288 1231 3351 non
1294 3262 1564 3337 solum
1609 3262 2024 3362 pistillum,
2073 3263 2217 3340 sed
2265 3284 2600 3365 quoque

551 3375 937 3450 corollam
1000 3376 1285 3463 elevat,
1336 3389 1435 3451 ut
1491 3376 1582 3450 in
1633 3376 1929 3466 Silene,
1978 3404 2210 3482 saepe
2257 3380 2599 3455 stamina

551 3489 788 3590 quale
844 3490 932 3564 in
1002 3489 1387 3565 Helictere
1449 3489 1831 3567 videmus.
1939 3496 2099 3570 Aut
2158 3495 2398 3569 breve
2480 3507 2601 3569 est

550 3618 689 3679 aut
755 3602 1094 3699 longum
1167 3604 1796 3705 (Capparideae)
1879 3620 1957 3680 at
2033 3607 2598 3705 longissimum

551 3715 1102 3817 (Helicteres),
1164 3718 1572 3806 conicum,
1641 3719 2161 3816 cylindricum
2195 3744 2200 3747 ·
2238 3722 2390 3796 etc.'
2498 3725 2596 3798 In

518 3832 820 3908 ·multis
878 3844 1063 3932 post
1120 3830 1699 3908 florescentiam
1775 3836 2171 3924 excrescit,
2245 3835 2596 3911 maxime

548 3946 634 4020 in
658 3945 993 4031 „Muscis
1180 4004 1187 4015 .

736 4060 1222 4160 Plerumque
1269 4084 1458 4136 cum
1503 4060 1814 4163 reliquo
1847 4061 2341 4163 receptaculo
2378 4087 2592 4137 mar-
