2843 4800
1141 349 1464 425 FLOS.
2171 350 2321 422 265

277 550 434 627 flos
493 548 734 625 habet
791 546 1373 649 receptaculum
1435 545 1810 622 filiforme
1859 522 2319 622 ‘distinctum

281 665 631 764 squamis
682 662 1167 737 amentaceis.
1269 667 1529 755 Quem
1565 674 1873 736 secutus
1910 674 2024 737 est
2063 660 2320 735 Smith

283 783 588 876 (Botan.
626 782 1050 853 Grammat.
1083 775 1419 850 translat„
1455 799 1691 871 germ.
1731 776 2027 850 Weim.
2057 775 2320 870 1822).

280 894 647 993 Plerique
728 880 915 966 vero
1001 893 1378 965 Auctores
1472 914 1653 964 cum
1743 888 2321 971 Willdenovvio

285 1004 743 1103 (Grundriss
798 1004 870 1078 d.
919 1003 1318 1080 Kriiuterk.
1367 1007 1434 1077 6.
1483 1002 1685 1079 Auss.
1735 1030 1807 1103 p.
1861 1004 2008 1100 71.)
2061 1026 2325 1078 amen-

283 1133 462 1195 tum
509 1117 1058 1221 pedunculum
1107 1114 1567 1192 filiformem
1617 1131 1915 1204 vocant,
1974 1118 2324 1218 squamis

287 1233 713 1308 obtectum.
813 1231 1002 1307 Tale
1057 1226 1462 1305 amentum
1514 1258 1554 1307 a
1606 1231 1814 1331 spica
1852 1255 2019 1306 non
2056 1231 2326 1305 distin-

288 1368 513 1443 gueS,
562 1370 749 1420 nam
798 1369 1171 1445 squamae
1217 1346 1572 1420 bracteae
1622 1358 1822 1430 sunt,
1867 1359 1942 1421 et
1971 1347 2326 1421 bracteae

288 1457 534 1534 flores
580 1459 971 1559 spicarum
1022 1459 1474 1558 saepissime
1526 1457 2038 1556 distinguunt.

481 1572 869 1648 Linnaeus
920 1572 1196 1647 nullibi
1249 1572 1542 1647 indicat
1591 1572 2008 1672 quomodo
2063 1599 2327 1675 recep-

288 1685 642 1761 taculum
694 1712 734 1760 a
783 1684 1237 1787 pedunculo
1289 1684 1643 1761 filiformi
1682 1686 2329 1783 distinguendum

294 1799 409 1874 sit.
512 1800 925 1881 Character
970 1802 1070 1874 in,
1099 1814 1426 1900 promtu
1460 1815 1602 1886 est3
1669 1815 2074 1876 amentum
2107 1827 2333 1878 voca-

289 1939 505 2001 mm,
591 1940 776 1990 cum
856 1912 1355 2014 pedunculus
1435 1915 1579 1990 iste
1660 1912 2054 1990 filiformis
2146 1941 2332 1991 cum

292 2029 670 2104 omnibus
733 2028 1067 2104 floribus
1129 2028 1367 2103 simul
1421 2028 1731 2104 decidit.
1825 2028 2144 2104 Florem
2195 2030 2337 2128 igi-

286 2154 419 2217 tur
466 2143 784 2218 simulat
832 2155 1270 2230 amentum,
1325 2157 1399 2218 et
1445 2142 1946 2245 pedunculus
1994 2158 2336 2245 recepta-

244 2320 250 2328 .
294 2256 563 2331 culum
616 2259 830 2333 sistit.
1847 2320 1858 2339 ,

486 2371 742 2447 Simili
819 2372 1068 2449 modo
1128 2371 1480 2450 strobilus
1539 2373 1943 2451 vocandus
2023 2396 2109 2450 ea
2173 2372 2337 2449 fru-

297 2500 573 2560 ctuum
642 2489 1107 2585 aggregatim
1170 2513 1324 2589 qua
1374 2488 1877 2589 pedunculus
1930 2513 2113 2564 cum
2162 2490 2339 2564 bra-

299 2600 488 2675 cteis
551 2615 864 2676 maturo
930 2600 1196 2677 fructu
1258 2602 1497 2676 simul
1566 2601 1872 2677 decidit.
1986 2605 2113 2678 Ait
2158 2604 2339 2677 Lin-

296 2736 544 2787 naeus
618 2715 1023 2810 (Praelect.
1095 2717 1181 2789 in
1271 2716 1525 2792 ordin.
1610 2717 1931 2816 plantar.
2016 2717 2336 2790 natural.

294 2853 370 2927 p.
434 2827 677 2922 587.):
781 2830 945 2903 Sub
1022 2830 1331 2926 singulo
1405 2829 1694 2904 amenti
1760 2827 1960 2903 flore
2012 2853 2381 2927 squama,

296 2941 420 3015 vel
468 2942 1123 3030 bractea-haeret,
1177 2967 1378 3043 quae
1429 2944 1491 3017 si
1527 2943 1943 3019 induratur
1979 2957 2052 3016 et
2083 2942 2337 3039 lignea

302 3055 585 3142 evadit,
637 3047 1041 3132 amentum
1095 3059 1178 3132 iu
1230 3055 1648 3133 strobilum
1699 3070 2067 3132 mutatur.
2177 3060 2342 3130 Nec

296 3185 739 3269 repugnant
788 3187 1163 3247 auctores,
1647 3194 1656 3203 '
2262 3235 2268 3240 .
2343 3197 2346 3202 ·

494 3285 1126 3386 Hypanthodium
1188 3301 1300 3363 est
1348 3285 1777 3388 pedunculi
1831 3310 2020 3386 apex
2071 3308 2345 3359 carno-

298 3421 435 3472 sus
487 3421 669 3472 cum
720 3397 1107 3478 fructibus
1158 3402 1395 3477 simul
1449 3427 1488 3476 a
1522 3401 1782 3502 planta
1826 3401 2151 3476 solutus.
2249 3403 2343 3476 In

296 3514 733 3612 Artocarpo
785 3511 1130 3591 formam
1182 3516 1573 3612 vulgatam
1621 3515 2049 3615 pedunculi
2086 3515 2343 3616 habet,

247 3688 252 3693 .
298 3626 384 3699 in
434 3628 855 3704 Dorstenia
906 3628 1129 3725 valde
1183 3627 1598 3729 explicatus
1650 3644 1779 3717 est,
1853 3630 1932 3704 in
1985 3631 2180 3705 Ficu
2232 3629 2348 3703 di-

296 3738 578 3816 latatus
631 3741 1337 3819 et-claummflores
1370 3743 1828 3844 fructusque
1869 3744 2081 3819 intus
2114 3742 2351 3818 fovet.
2405 3809 2409 3814 .

295 3857 592 3954 Natura
645 3880 787 3932 sua
839 3858 935 3931 ab
989 3872 1306 3934 amento
1360 3879 1502 3932 seu
1551 3859 1880 3933 strobilo
1918 3880 2082 3931 nou
2118 3853 2345 3931 valde

301 3966 704 4069 discrepat.
746 4066 751 4071 ·
806 3969 1060 4068 Hujus
1108 3973 1424 4070 vestigia
1475 3972 1558 4046 in
1608 3971 1769 4047 basi
1824 3969 2098 4069 calycis
2131 3995 2350 4047 com-

295 4082 565 4157 munis
619 4085 1281 4187 Compositarum·
1319 4099 1760 4163 occurrunt.
