<?xml version="1.0" encoding="UTF-8"?>
<!DOCTYPE html PUBLIC "-//W3C//DTD XHTML 1.0 Transitional//EN"
    "http://www.w3.org/TR/xhtml1/DTD/xhtml1-transitional.dtd">
<html xmlns="http://www.w3.org/1999/xhtml" xml:lang="en" lang="en">
 <head>
  <title>
</title>
<meta http-equiv="Content-Type" content="text/html;charset=utf-8" />
  <meta name='ocr-system' content='tesseract 3.04.00' />
  <meta name='ocr-capabilities' content='ocr_page ocr_carea ocr_par ocr_line ocrx_word'/>
</head>
<body>
  <div class='ocr_page' id='page_1' title='image "./elementaphiloso01linkgoog_0167.png"; bbox 0 0 2843 4800; ppageno 0'>
   <div class='ocr_carea' id='block_1_1' title="bbox 1054 328 2296 412">
    <p class='ocr_par' dir='ltr' id='par_1_1' title="bbox 1054 328 2296 412">
     <span class='ocr_line' id='line_1_1' title="bbox 1054 328 2296 412; baseline 0 -4"><span class='ocrx_word' id='word_1_1' title='bbox 1054 331 1509 412; x_wconf 83' lang='lat' dir='ltr'>CAULIS.</span> <span class='ocrx_word' id='word_1_2' title='bbox 2154 328 2296 408; x_wconf 79' lang='lat'>159</span> 
     </span>
    </p>
   </div>
   <div class='ocr_carea' id='block_1_2' title="bbox 160 529 2297 4170">
    <p class='ocr_par' dir='ltr' id='par_1_2' title="bbox 251 529 2297 1657">
     <span class='ocr_line' id='line_1_2' title="bbox 255 529 2294 637; baseline -0.004 -26"><span class='ocrx_word' id='word_1_3' title='bbox 255 532 481 637; x_wconf 87' lang='lat' dir='ltr'>quod</span> <span class='ocrx_word' id='word_1_4' title='bbox 544 533 777 636; x_wconf 88' lang='lat' dir='ltr'>plane</span> <span class='ocrx_word' id='word_1_5' title='bbox 840 533 1667 635; x_wconf 85' lang='lat' dir='ltr'>parenchymatosum‚</span> <span class='ocrx_word' id='word_1_6' title='bbox 1732 555 1970 634; x_wconf 88' lang='lat' dir='ltr'>quam</span> <span class='ocrx_word' id='word_1_7' title='bbox 2031 529 2118 604; x_wconf 89' lang='lat' dir='ltr'>in</span> <span class='ocrx_word' id='word_1_8' title='bbox 2174 530 2294 604; x_wconf 90' lang='lat' dir='ltr'>in-</span> 
     </span>
     <span class='ocr_line' id='line_1_3' title="bbox 252 644 2297 750; baseline -0.002 -25"><span class='ocrx_word' id='word_1_9' title='bbox 252 651 544 726; x_wconf 84' lang='lat' dir='ltr'>teriore</span> <span class='ocrx_word' id='word_1_10' title='bbox 609 648 913 747; x_wconf 87' lang='lat' dir='ltr'>(libro)</span> <span class='ocrx_word' id='word_1_11' title='bbox 979 646 1201 750; x_wconf 90' lang='lat' dir='ltr'>quod</span> <span class='ocrx_word' id='word_1_12' title='bbox 1262 648 1681 750; x_wconf 80' lang='lat' dir='ltr'>praecipue</span> <span class='ocrx_word' id='word_1_13' title='bbox 1740 644 2168 730; x_wconf 72' lang='lat' dir='ltr'>fibrosum,</span> <span class='ocrx_word' id='word_1_14' title='bbox 2211 645 2297 720; x_wconf 75' lang='lat' dir='ltr'>‘et</span> 
     </span>
     <span class='ocr_line' id='line_1_4' title="bbox 251 757 2293 864; baseline -0.003 -25"><span class='ocrx_word' id='word_1_15' title='bbox 251 765 342 840; x_wconf 90' lang='lat' dir='ltr'>in</span> <span class='ocrx_word' id='word_1_16' title='bbox 414 761 724 850; x_wconf 80' lang='lat' dir='ltr'>medin,</span> <span class='ocrx_word' id='word_1_17' title='bbox 800 761 1022 864; x_wconf 84' lang='lat' dir='ltr'>q&#39;uod</span> <span class='ocrx_word' id='word_1_18' title='bbox 1099 786 1189 838; x_wconf 86' lang='lat' dir='ltr'>ex</span> <span class='ocrx_word' id='word_1_19' title='bbox 1259 776 1605 863; x_wconf 88' lang='lat' dir='ltr'>utroque</span> <span class='ocrx_word' id='word_1_20' title='bbox 1654 762 2058 835; x_wconf 87' lang='lat' dir='ltr'>mixtum.·</span> <span class='ocrx_word' id='word_1_21' title='bbox 2123 757 2293 834; x_wconf 84' lang='lat' dir='ltr'>Sed</span> 
     </span>
     <span class='ocr_line' id='line_1_5' title="bbox 253 875 2294 977; baseline -0.002 -25"><span class='ocrx_word' id='word_1_22' title='bbox 253 889 486 953; x_wconf 86' lang='lat' dir='ltr'>strata</span> <span class='ocrx_word' id='word_1_23' title='bbox 535 876 817 951; x_wconf 83' lang='lat' dir='ltr'>haecce</span> <span class='ocrx_word' id='word_1_24' title='bbox 868 898 1034 951; x_wconf 91' lang='lat' dir='ltr'>non</span> <span class='ocrx_word' id='word_1_25' title='bbox 1085 890 1429 977; x_wconf 89' lang='lat' dir='ltr'>separata</span> <span class='ocrx_word' id='word_1_26' title='bbox 1481 889 1680 950; x_wconf 87' lang='lat' dir='ltr'>sunt.</span> <span class='ocrx_word' id='word_1_27' title='bbox 1776 875 2080 950; x_wconf 83' lang='lat' dir='ltr'>Extima</span> <span class='ocrx_word' id='word_1_28' title='bbox 2112 898 2294 973; x_wconf 83' lang='lat' dir='ltr'>pars</span> 
     </span>
     <span class='ocr_line' id='line_1_6' title="bbox 255 988 2296 1088; baseline -0.002 -23"><span class='ocrx_word' id='word_1_29' title='bbox 255 991 567 1066; x_wconf 77' lang='lat' dir='ltr'>corticis</span> <span class='ocrx_word' id='word_1_30' title='bbox 617 1004 753 1065; x_wconf 88' lang='lat' dir='ltr'>aut</span> <span class='ocrx_word' id='word_1_31' title='bbox 801 988 1158 1087; x_wconf 83' lang='lat' dir='ltr'>dejicitur</span> <span class='ocrx_word' id='word_1_32' title='bbox 1206 990 1668 1088; x_wconf 85' lang='lat' dir='ltr'>(Platanus)</span> <span class='ocrx_word' id='word_1_33' title='bbox 1722 1002 1856 1064; x_wconf 88' lang='lat' dir='ltr'>aut</span> <span class='ocrx_word' id='word_1_34' title='bbox 1893 988 2296 1088; x_wconf 81' lang='lat' dir='ltr'>rumpitur</span> 
     </span>
     <span class='ocr_line' id='line_1_7' title="bbox 253 1100 2293 1199; baseline -0.002 -19"><span class='ocrx_word' id='word_1_35' title='bbox 253 1104 485 1180; x_wconf 79' lang='lat' dir='ltr'>variis</span> <span class='ocrx_word' id='word_1_36' title='bbox 534 1103 819 1178; x_wconf 85' lang='lat' dir='ltr'>modis.</span> <span class='ocrx_word' id='word_1_37' title='bbox 916 1101 1329 1179; x_wconf 86' lang='lat' dir='ltr'>Interdum</span> <span class='ocrx_word' id='word_1_38' title='bbox 1384 1101 1668 1179; x_wconf 84' lang='lat' dir='ltr'>effoeta</span> <span class='ocrx_word' id='word_1_39' title='bbox 1730 1100 1823 1178; x_wconf 83' lang='lat' dir='ltr'>fit</span> <span class='ocrx_word' id='word_1_40' title='bbox 1887 1101 2293 1199; x_wconf 86' lang='lat' dir='ltr'>(Quercus</span> 
     </span>
     <span class='ocr_line' id='line_1_8' title="bbox 254 1215 2290 1322; baseline -0.003 -27"><span class='ocrx_word' id='word_1_41' title='bbox 254 1219 581 1313; x_wconf 84' lang='lat' dir='ltr'>Suber).</span> <span class='ocrx_word' id='word_1_42' title='bbox 678 1217 1154 1322; x_wconf 81' lang='lat' dir='ltr'>Mutationes</span> <span class='ocrx_word' id='word_1_43' title='bbox 1203 1218 1513 1293; x_wconf 79' lang='lat' dir='ltr'>corticis</span> <span class='ocrx_word' id='word_1_44' title='bbox 1561 1243 1607 1293; x_wconf 88' lang='lat' dir='ltr'>a</span> <span class='ocrx_word' id='word_1_45' title='bbox 1656 1216 2060 1318; x_wconf 88' lang='lat' dir='ltr'>pressione</span> <span class='ocrx_word' id='word_1_46' title='bbox 2100 1215 2290 1312; x_wconf 84' lang='lat' dir='ltr'>ligni</span> 
     </span>
     <span class='ocr_line' id='line_1_9' title="bbox 256 1329 2291 1432; baseline -0.001 -25"><span class='ocrx_word' id='word_1_47' title='bbox 256 1330 532 1407; x_wconf 84' lang='lat' dir='ltr'>accreti</span> <span class='ocrx_word' id='word_1_48' title='bbox 582 1353 750 1405; x_wconf 90' lang='lat' dir='ltr'>non</span> <span class='ocrx_word' id='word_1_49' title='bbox 800 1329 1185 1417; x_wconf 87' lang='lat' dir='ltr'>oriuntur,</span> <span class='ocrx_word' id='word_1_50' title='bbox 1235 1351 1423 1406; x_wconf 87' lang='lat' dir='ltr'>nam</span> <span class='ocrx_word' id='word_1_51' title='bbox 1469 1331 1560 1405; x_wconf 90' lang='lat' dir='ltr'>in</span> <span class='ocrx_word' id='word_1_52' title='bbox 1598 1344 1816 1432; x_wconf 86' lang='lat' dir='ltr'>parte</span> <span class='ocrx_word' id='word_1_53' title='bbox 1848 1329 2291 1431; x_wconf 83' lang='lat' dir='ltr'>rumpenda</span> 
     </span>
     <span class='ocr_line' id='line_1_10' title="bbox 248 1439 2288 1534; baseline -0 -14.997"><span class='ocrx_word' id='word_1_54' title='bbox 248 1439 470 1520; x_wconf 75' lang='lat' dir='ltr'>nulla</span> <span class='ocrx_word' id='word_1_55' title='bbox 546 1441 1005 1519; x_wconf 85' lang='lat' dir='ltr'>cellularum</span> <span class='ocrx_word' id='word_1_56' title='bbox 1056 1443 1451 1521; x_wconf 85' lang='lat' dir='ltr'>distractio</span> <span class='ocrx_word' id='word_1_57' title='bbox 1518 1445 2003 1534; x_wconf 85' lang='lat' dir='ltr'>observatur,</span> <span class='ocrx_word' id='word_1_58' title='bbox 2052 1469 2154 1521; x_wconf 90' lang='lat' dir='ltr'>ne</span> <span class='ocrx_word' id='word_1_59' title='bbox 2202 1446 2288 1520; x_wconf 91' lang='lat' dir='ltr'>in</span> 
     </span>
     <span class='ocr_line' id='line_1_11' title="bbox 257 1556 1540 1657; baseline -0.002 -23"><span class='ocrx_word' id='word_1_60' title='bbox 257 1556 567 1634; x_wconf 81' lang='lat' dir='ltr'>effoetis</span> <span class='ocrx_word' id='word_1_61' title='bbox 616 1556 941 1657; x_wconf 83' lang='lat' dir='ltr'>quidem</span> <span class='ocrx_word' id='word_1_62' title='bbox 996 1572 1087 1633; x_wconf 89' lang='lat' dir='ltr'>et·</span> <span class='ocrx_word' id='word_1_63' title='bbox 1104 1559 1540 1635; x_wconf 43' lang='lat' dir='ltr'>-suberosisf</span> 
     </span>
    </p>

    <p class='ocr_par' dir='ltr' id='par_1_3' title="bbox 250 1663 2291 2090">
     <span class='ocr_line' id='line_1_12' title="bbox 449 1663 2291 1771; baseline -0.001 -23"><span class='ocrx_word' id='word_1_64' title='bbox 449 1673 742 1748; x_wconf 82' lang='lat' dir='ltr'>Cortex·</span> <span class='ocrx_word' id='word_1_65' title='bbox 827 1687 971 1771; x_wconf 87' lang='lat' dir='ltr'>per</span> <span class='ocrx_word' id='word_1_66' title='bbox 1060 1685 1290 1749; x_wconf 86' lang='lat' dir='ltr'>strata</span> <span class='ocrx_word' id='word_1_67' title='bbox 1381 1698 1550 1749; x_wconf 91' lang='lat' dir='ltr'>non</span> <span class='ocrx_word' id='word_1_68' title='bbox 1591 1663 2017 1749; x_wconf 63' lang='lat' dir='ltr'>sium-escit.</span> <span class='ocrx_word' id='word_1_69' title='bbox 2117 1665 2291 1748; x_wconf 72' lang='lat' dir='ltr'>Ex-</span> 
     </span>
     <span class='ocr_line' id='line_1_13' title="bbox 246 1777 2291 1888; baseline 0 -27"><span class='ocrx_word' id='word_1_70' title='bbox 246 1777 701 1888; x_wconf 73' lang='lat' dir='ltr'>ceptionem</span> <span class='ocrx_word' id='word_1_71' title='bbox 747 1784 931 1858; x_wconf 83' lang='lat' dir='ltr'>vidi</span> <span class='ocrx_word' id='word_1_72' title='bbox 958 1785 1434 1884; x_wconf 82' lang='lat' dir='ltr'>singularem</span> <span class='ocrx_word' id='word_1_73' title='bbox 1483 1788 1569 1861; x_wconf 84' lang='lat' dir='ltr'>in</span> <span class='ocrx_word' id='word_1_74' title='bbox 1617 1789 1931 1864; x_wconf 87' lang='lat' dir='ltr'>Cortice</span> <span class='ocrx_word' id='word_1_75' title='bbox 1992 1785 2291 1863; x_wconf 81' lang='lat' dir='ltr'>Chinae</span> 
     </span>
     <span class='ocr_line' id='line_1_14' title="bbox 246 1898 2290 2036; baseline 0 -62.002"><span class='ocrx_word' id='word_1_76' title='bbox 246 1898 528 1988; x_wconf 70' lang='lat' dir='ltr'>flavae,</span> <span class='ocrx_word' id='word_1_77' title='bbox 576 1899 661 1973; x_wconf 93' lang='lat' dir='ltr'>in</span> <span class='ocrx_word' id='word_1_78' title='bbox 696 1919 860 2000; x_wconf 82' lang='lat' dir='ltr'>quo</span> <span class='ocrx_word' id='word_1_79' title='bbox 897 1899 1125 1974; x_wconf 87' lang='lat' dir='ltr'>strata</span> <span class='ocrx_word' id='word_1_80' title='bbox 1159 1899 1854 2000; x_wconf 87' lang='lat' dir='ltr'>parenchymatosa</span> <span class='ocrx_word' id='word_1_81' title='bbox 1890 1914 1967 1976; x_wconf 91' lang='lat' dir='ltr'>et</span> <span class='ocrx_word' id='word_1_82' title='bbox 1997 1898 2290 2036; x_wconf 85' lang='lat' dir='ltr'>fibrosa</span> 
     </span>
     <span class='ocr_line' id='line_1_15' title="bbox 250 2012 2226 2132; baseline 0.001 -43"><span class='ocrx_word' id='word_1_83' title='bbox 250 2012 691 2132; x_wconf 77' lang='lat' dir='ltr'>alternatim</span> <span class='ocrx_word' id='word_1_84' title='bbox 741 2012 890 2087; x_wconf 91' lang='lat' dir='ltr'>sibi</span> <span class='ocrx_word' id='word_1_85' title='bbox 943 2014 1586 2090; x_wconf 67' lang='lat' dir='ltr'>accumbebant*</span> <span class='ocrx_word' id='word_1_86' title='bbox 2135 2061 2136 2064; x_wconf 61' lang='lat'><em>=</em></span> <span class='ocrx_word' id='word_1_87' title='bbox 2221 2061 2226 2066; x_wconf 92' lang='lat'><em>·</em></span> 
     </span>
    </p>

    <p class='ocr_par' dir='ltr' id='par_1_4' title="bbox 160 2126 2293 4170">
     <span class='ocr_line' id='line_1_16' title="bbox 444 2126 2292 2231; baseline -0.001 -26"><span class='ocrx_word' id='word_1_88' title='bbox 444 2126 775 2205; x_wconf 87' lang='lat' dir='ltr'>Caulem</span> <span class='ocrx_word' id='word_1_89' title='bbox 858 2150 901 2201; x_wconf 93' lang='lat' dir='ltr'>e</span> <span class='ocrx_word' id='word_1_90' title='bbox 973 2128 1306 2224; x_wconf 81' lang='lat' dir='ltr'>gemmis</span> <span class='ocrx_word' id='word_1_91' title='bbox 1377 2127 1777 2231; x_wconf 87' lang='lat' dir='ltr'>ramisque</span> <span class='ocrx_word' id='word_1_92' title='bbox 1859 2151 2292 2204; x_wconf 79' lang='lat' dir='ltr'>accrescere</span> 
     </span>
     <span class='ocr_line' id='line_1_17' title="bbox 242 2242 2293 2342; baseline -0 -24"><span class='ocrx_word' id='word_1_93' title='bbox 242 2242 657 2342; x_wconf 68' lang='lat' dir='ltr'>ingeniose</span> <span class='ocrx_word' id='word_1_94' title='bbox 750 2243 1091 2341; x_wconf 90' lang='lat' dir='ltr'>probare</span> <span class='ocrx_word' id='word_1_95' title='bbox 1188 2243 1492 2320; x_wconf 89' lang='lat' dir='ltr'>studuit</span> <span class='ocrx_word' id='word_1_96' title='bbox 1582 2244 1781 2321; x_wconf 86' lang='lat' dir='ltr'>Aub.</span> <span class='ocrx_word' id='word_1_97' title='bbox 1883 2242 1997 2318; x_wconf 91' lang='lat' dir='ltr'>du</span> <span class='ocrx_word' id='word_1_98' title='bbox 2089 2243 2293 2317; x_wconf 88' lang='lat' dir='ltr'>Petit</span> 
     </span>
     <span class='ocr_line' id='line_1_18' title="bbox 242 2353 2289 2463; baseline -0 -30.996"><span class='ocrx_word' id='word_1_99' title='bbox 242 2354 618 2432; x_wconf 82' lang='lat' dir='ltr'>Thouars</span> <span class='ocrx_word' id='word_1_100' title='bbox 693 2353 967 2463; x_wconf 84' lang='lat' dir='ltr'>(Essai</span> <span class='ocrx_word' id='word_1_101' title='bbox 1008 2382 1144 2433; x_wconf 91' lang='lat' dir='ltr'>sur</span> <span class='ocrx_word' id='word_1_102' title='bbox 1189 2356 1264 2434; x_wconf 89' lang='lat' dir='ltr'>la</span> <span class='ocrx_word' id='word_1_103' title='bbox 1312 2359 1778 2456; x_wconf 75' lang='lat' dir='ltr'>vegetation</span> <span class='ocrx_word' id='word_1_104' title='bbox 1802 2356 1941 2434; x_wconf 88' lang='lat' dir='ltr'>des</span> <span class='ocrx_word' id='word_1_105' title='bbox 1987 2355 2289 2463; x_wconf 76' lang='lat' dir='ltr'>plantes</span> 
     </span>
     <span class='ocr_line' id='line_1_19' title="bbox 244 2467 2290 2579; baseline 0 -34"><span class='ocrx_word' id='word_1_106' title='bbox 244 2482 390 2579; x_wconf 80' lang='lat' dir='ltr'>par</span> <span class='ocrx_word' id='word_1_107' title='bbox 469 2468 556 2546; x_wconf 77' lang='grc' dir='ltr'>Α.</span> <span class='ocrx_word' id='word_1_108' title='bbox 640 2467 735 2545; x_wconf 92' lang='grc'>(1.</span> <span class='ocrx_word' id='word_1_109' title='bbox 782 2474 864 2546; x_wconf 90' lang='grc' dir='ltr'>Ρ.</span> <span class='ocrx_word' id='word_1_110' title='bbox 940 2472 1086 2546; x_wconf 88' lang='lat' dir='ltr'>Th.</span> <span class='ocrx_word' id='word_1_111' title='bbox 1173 2477 1340 2548; x_wconf 89' lang='lat' dir='ltr'>Par.</span> <span class='ocrx_word' id='word_1_112' title='bbox 1427 2475 1731 2569; x_wconf 82' lang='grc'><strong>1809..)</strong></span> <span class='ocrx_word' id='word_1_113' title='bbox 1842 2476 2012 2549; x_wconf 87' lang='lat' dir='ltr'>Iam</span> <span class='ocrx_word' id='word_1_114' title='bbox 2090 2472 2290 2549; x_wconf 82' lang='lat' dir='ltr'>olim</span> 
     </span>
     <span class='ocr_line' id='line_1_20' title="bbox 243 2572 2292 2684; baseline 0 -25"><span class='ocrx_word' id='word_1_115' title='bbox 243 2572 616 2659; x_wconf 77' lang='lat' dir='ltr'>Wolfius</span> <span class='ocrx_word' id='word_1_116' title='bbox 674 2582 1007 2680; x_wconf 79' lang='lat' dir='ltr'>gemmis</span> <span class='ocrx_word' id='word_1_117' title='bbox 1065 2585 1453 2661; x_wconf 89' lang='lat' dir='ltr'>radiculas</span> <span class='ocrx_word' id='word_1_118' title='bbox 1513 2587 1790 2662; x_wconf 82' lang='lat' dir='ltr'>tribuit</span> <span class='ocrx_word' id='word_1_119' title='bbox 1853 2591 2090 2684; x_wconf 87' lang='lat' dir='ltr'>(Von</span> <span class='ocrx_word' id='word_1_120' title='bbox 2149 2586 2292 2661; x_wconf 85' lang='lat' dir='ltr'>der</span> 
     </span>
     <span class='ocr_line' id='line_1_21' title="bbox 242 2695 2288 2796; baseline -0.001 -22"><span class='ocrx_word' id='word_1_121' title='bbox 242 2695 1033 2774; x_wconf 63' lang='lat' dir='ltr'>Fruchttbarlt‘eit·&#39;des</span> <span class='ocrx_word' id='word_1_122' title='bbox 1071 2697 1494 2777; x_wconf 87' lang='lat' dir='ltr'>Getreides.</span> <span class='ocrx_word' id='word_1_123' title='bbox 1547 2702 1629 2776; x_wconf 89' lang='lat' dir='ltr'>C.</span> <span class='ocrx_word' id='word_1_124' title='bbox 1679 2704 1745 2773; x_wconf 85' lang='grc'>6.</span> <span class='ocrx_word' id='word_1_125' title='bbox 1796 2702 1855 2796; x_wconf 67' lang='grc' dir='ltr'>ἓ.</span> <span class='ocrx_word' id='word_1_126' title='bbox 1905 2704 1972 2774; x_wconf 82' lang='grc'>5.</span> <span class='ocrx_word' id='word_1_127' title='bbox 2022 2705 2090 2773; x_wconf 87' lang='grc'>6.</span> <span class='ocrx_word' id='word_1_128' title='bbox 2156 2698 2288 2774; x_wconf 87' lang='lat' dir='ltr'>cfr.</span> 
     </span>
     <span class='ocr_line' id='line_1_22' title="bbox 160 2808 2289 2912; baseline -0.001 -24"><span class='ocrx_word' id='word_1_129' title='bbox 160 2820 165 2829; x_wconf 83' lang='grc'><strong>’</strong></span> <span class='ocrx_word' id='word_1_130' title='bbox 243 2808 530 2888; x_wconf 86' lang='lat' dir='ltr'>Rohr&#39;s</span> <span class='ocrx_word' id='word_1_131' title='bbox 578 2811 1201 2910; x_wconf 84' lang='lat' dir='ltr'>Phytotheolog.</span> <span class='ocrx_word' id='word_1_132' title='bbox 1266 2839 1340 2912; x_wconf 92' lang='lat' dir='ltr'>p.</span> <span class='ocrx_word' id='word_1_133' title='bbox 1404 2813 1590 2909; x_wconf 85' lang='grc'><strong>80.).</strong></span> <span class='ocrx_word' id='word_1_134' title='bbox 1706 2816 1920 2889; x_wconf 91' lang='lat' dir='ltr'>Tum</span> <span class='ocrx_word' id='word_1_135' title='bbox 1969 2813 2289 2887; x_wconf 85' lang='lat' dir='ltr'>Darwin</span> 
     </span>
     <span class='ocr_line' id='line_1_23' title="bbox 244 2923 2291 3028; baseline 0 -28"><span class='ocrx_word' id='word_1_136' title='bbox 244 2923 595 3000; x_wconf 80' lang='lat' dir='ltr'>similem</span> <span class='ocrx_word' id='word_1_137' title='bbox 682 2925 1074 3001; x_wconf 81' lang='lat' dir='ltr'>theoriam</span> <span class='ocrx_word' id='word_1_138' title='bbox 1146 2927 1569 3028; x_wconf 87' lang='lat' dir='ltr'>proposuit</span> <span class='ocrx_word' id='word_1_139' title='bbox 1636 2927 2123 3025; x_wconf 84' lang='lat' dir='ltr'>(Phytology</span> <span class='ocrx_word' id='word_1_140' title='bbox 2185 2928 2291 3023; x_wconf 88' lang='lat' dir='ltr'>by</span> 
     </span>
     <span class='ocr_line' id='line_1_24' title="bbox 240 3032 2290 3136; baseline -0 -22"><span class='ocrx_word' id='word_1_141' title='bbox 240 3041 545 3114; x_wconf 60' lang='lat' dir='ltr'>‘Erasm.</span> <span class='ocrx_word' id='word_1_142' title='bbox 606 3040 944 3114; x_wconf 79' lang='lat' dir='ltr'>Darwin.</span> <span class='ocrx_word' id='word_1_143' title='bbox 1022 3040 1272 3117; x_wconf 88' lang='lat' dir='ltr'>Lond.</span> <span class='ocrx_word' id='word_1_144' title='bbox 1324 3032 1602 3136; x_wconf 58' lang='lat'><strong>1799.)</strong></span> <span class='ocrx_word' id='word_1_145' title='bbox 1699 3044 1914 3115; x_wconf 86' lang='lat' dir='ltr'>Inter</span> <span class='ocrx_word' id='word_1_146' title='bbox 1964 3045 2290 3116; x_wconf 84' lang='lat' dir='ltr'>Germa-</span> 
     </span>
     <span class='ocr_line' id='line_1_25' title="bbox 246 3144 2291 3254; baseline 0.001 -29"><span class='ocrx_word' id='word_1_147' title='bbox 246 3168 404 3227; x_wconf 82' lang='lat' dir='ltr'>nos</span> <span class='ocrx_word' id='word_1_148' title='bbox 449 3144 725 3250; x_wconf 84' lang='lat' dir='ltr'>Meyer-</span> <span class='ocrx_word' id='word_1_149' title='bbox 767 3146 1401 3254; x_wconf 74' lang='lat' dir='ltr'>(Naturgemiisse</span> <span class='ocrx_word' id='word_1_150' title='bbox 1448 3154 1954 3253; x_wconf 51' lang='lat' dir='ltr'>Darstellung*</span> <span class='ocrx_word' id='word_1_151' title='bbox 1996 3150 2068 3229; x_wconf 92' lang='grc'>(1.</span> <span class='ocrx_word' id='word_1_152' title='bbox 2102 3156 2291 3230; x_wconf 81' lang='lat' dir='ltr'>Ent-</span> 
     </span>
     <span class='ocr_line' id='line_1_26' title="bbox 244 3266 2290 3368; baseline 0 -28"><span class='ocrx_word' id='word_1_153' title='bbox 244 3266 739 3364; x_wconf 81' lang='lat' dir='ltr'>wickelung&#39;,-</span> <span class='ocrx_word' id='word_1_154' title='bbox 801 3269 1300 3368; x_wconf 81' lang='lat' dir='ltr'>‘Ausbildung</span> <span class='ocrx_word' id='word_1_155' title='bbox 1360 3288 1446 3345; x_wconf 82' lang='lat' dir='ltr'>u.</span> <span class='ocrx_word' id='word_1_156' title='bbox 1516 3268 1652 3344; x_wconf 92' lang='lat' dir='ltr'>des</span> <span class='ocrx_word' id='word_1_157' title='bbox 1710 3268 2290 3345; x_wconf 82' lang='lat' dir='ltr'>Wachsthums</span> 
     </span>
     <span class='ocr_line' id='line_1_27' title="bbox 244 3378 2292 3485; baseline 0.001 -31"><span class='ocrx_word' id='word_1_158' title='bbox 244 3378 325 3454; x_wconf 63' lang='grc'>7(1.</span> <span class='ocrx_word' id='word_1_159' title='bbox 358 3379 750 3458; x_wconf 72' lang='grc' dir='ltr'>ΡΗεηιΖεῃ.</span> <span class='ocrx_word' id='word_1_160' title='bbox 800 3384 1054 3485; x_wconf 78' lang='lat' dir='ltr'>Leipz.</span> <span class='ocrx_word' id='word_1_161' title='bbox 1090 3386 1353 3481; x_wconf 66' lang='lat'>1808).</span> <span class='ocrx_word' id='word_1_162' title='bbox 1413 3385 1684 3460; x_wconf 87' lang='lat' dir='ltr'>Fibras</span> <span class='ocrx_word' id='word_1_163' title='bbox 1720 3384 2129 3482; x_wconf 86' lang='lat' dir='ltr'>a·gemmis</span> <span class='ocrx_word' id='word_1_164' title='bbox 2161 3398 2292 3457; x_wconf 78' lang='lat' dir='ltr'>us&#39;-</span> 
     </span>
     <span class='ocr_line' id='line_1_28' title="bbox 244 3486 2291 3600; baseline 0.001 -32"><span class='ocrx_word' id='word_1_165' title='bbox 244 3510 409 3593; x_wconf 84' lang='lat' dir='ltr'>·que</span> <span class='ocrx_word' id='word_1_166' title='bbox 460 3492 938 3573; x_wconf 77' lang='lat' dir='ltr'>adl-&#39;adicem&#39;</span> <span class='ocrx_word' id='word_1_167' title='bbox 976 3500 1386 3575; x_wconf 82' lang='lat' dir='ltr'>continuas</span> <span class='ocrx_word' id='word_1_168' title='bbox 1419 3486 1880 3600; x_wconf 63' lang='lat' dir='ltr'>prolongari</span> <span class='ocrx_word' id='word_1_169' title='bbox 1926 3498 2291 3574; x_wconf 89' lang='lat' dir='ltr'>Thouars</span> 
     </span>
     <span class='ocr_line' id='line_1_29' title="bbox 246 3610 2290 3709; baseline 0.001 -27"><span class='ocrx_word' id='word_1_170' title='bbox 246 3622 483 3707; x_wconf 85' lang='lat' dir='ltr'>putat·</span> <span class='ocrx_word' id='word_1_171' title='bbox 533 3610 771 3705; x_wconf 56' lang='lat' dir='ltr'>(Esss</span> <span class='ocrx_word' id='word_1_172' title='bbox 800 3613 1065 3709; x_wconf 81' lang='lat' dir='ltr'>Vm).</span> <span class='ocrx_word' id='word_1_173' title='bbox 1175 3616 1275 3688; x_wconf 87' lang='lat' dir='ltr'>At</span> <span class='ocrx_word' id='word_1_174' title='bbox 1318 3613 1650 3688; x_wconf 90' lang='lat' dir='ltr'>minime</span> <span class='ocrx_word' id='word_1_175' title='bbox 1699 3611 1785 3687; x_wconf 84' lang='lat' dir='ltr'>id</span> <span class='ocrx_word' id='word_1_176' title='bbox 1833 3611 2104 3689; x_wconf 86' lang='lat' dir='ltr'>locum</span> <span class='ocrx_word' id='word_1_177' title='bbox 2155 3611 2290 3685; x_wconf 90' lang='lat' dir='ltr'>ha-</span> 
     </span>
     <span class='ocr_line' id='line_1_30' title="bbox 244 3720 2289 3822; baseline 0.001 -27"><span class='ocrx_word' id='word_1_178' title='bbox 244 3720 399 3796; x_wconf 79' lang='lat' dir='ltr'>bet.</span> <span class='ocrx_word' id='word_1_179' title='bbox 532 3725 788 3800; x_wconf 89' lang='lat' dir='ltr'>Variis</span> <span class='ocrx_word' id='word_1_180' title='bbox 861 3724 1055 3819; x_wconf 89' lang='lat' dir='ltr'>locis</span> <span class='ocrx_word' id='word_1_181' title='bbox 1134 3726 1658 3803; x_wconf 85' lang='lat' dir='ltr'>terminantur</span> <span class='ocrx_word' id='word_1_182' title='bbox 1737 3725 1983 3801; x_wconf 86' lang='lat' dir='ltr'>fibrae</span> <span class='ocrx_word' id='word_1_183' title='bbox 2067 3725 2289 3822; x_wconf 86' lang='lat' dir='ltr'>(vasa</span> 
     </span>
     <span class='ocr_line' id='line_1_31' title="bbox 244 3831 2291 3943; baseline 0.001 -35"><span class='ocrx_word' id='word_1_184' title='bbox 244 3831 544 3911; x_wconf 82' lang='lat' dir='ltr'>fibrosa</span> <span class='ocrx_word' id='word_1_185' title='bbox 597 3852 673 3914; x_wconf 90' lang='lat' dir='ltr'>et</span> <span class='ocrx_word' id='word_1_186' title='bbox 722 3838 1061 3941; x_wconf 83' lang='lat' dir='ltr'>spiralia&#39;)</span> <span class='ocrx_word' id='word_1_187' title='bbox 1117 3839 1468 3940; x_wconf 88' lang='lat' dir='ltr'>aliaeque</span> <span class='ocrx_word' id='word_1_188' title='bbox 1519 3841 1920 3943; x_wconf 87' lang='lat' dir='ltr'>appositae</span> <span class='ocrx_word' id='word_1_189' title='bbox 1967 3837 2291 3913; x_wconf 88' lang='lat' dir='ltr'>fascicu-</span> 
     </span>
     <span class='ocr_line' id='line_1_32' title="bbox 240 3930 2289 4050; baseline 0.001 -27.006"><span class='ocrx_word' id='word_1_190' title='bbox 240 3930 417 4026; x_wconf 85' lang='lat' dir='ltr'>lur&#39;n</span> <span class='ocrx_word' id='word_1_191' title='bbox 485 3951 970 4028; x_wconf 80' lang='lat' dir='ltr'>continuant.</span> <span class='ocrx_word' id='word_1_192' title='bbox 1083 3955 1439 4031; x_wconf 88' lang='lat' dir='ltr'>Accretio</span> <span class='ocrx_word' id='word_1_193' title='bbox 1508 3954 1891 4030; x_wconf 84' lang='lat' dir='ltr'>fibrarum</span> <span class='ocrx_word' id='word_1_194' title='bbox 1943 3952 2096 4027; x_wconf 89' lang='lat' dir='ltr'>alio</span> <span class='ocrx_word' id='word_1_195' title='bbox 2148 3951 2289 4050; x_wconf 76' lang='grc'><strong>131-</strong></span> 
     </span>
     <span class='ocr_line' id='line_1_33' title="bbox 244 4064 2290 4170; baseline 0.001 -31"><span class='ocrx_word' id='word_1_196' title='bbox 244 4074 377 4140; x_wconf 79' lang='lat' dir='ltr'>tur‘</span> <span class='ocrx_word' id='word_1_197' title='bbox 422 4064 682 4142; x_wconf 89' lang='lat' dir='ltr'>modo</span> <span class='ocrx_word' id='word_1_198' title='bbox 716 4065 907 4143; x_wconf 81' lang='lat' dir='ltr'>fieri</span> <span class='ocrx_word' id='word_1_199' title='bbox 950 4068 1311 4170; x_wconf 85' lang='lat' dir='ltr'>nequit,</span> <span class='ocrx_word' id='word_1_200' title='bbox 1327 4069 1480 4143; x_wconf 90' lang='lat' dir='ltr'>nisi</span> <span class='ocrx_word' id='word_1_201' title='bbox 1542 4092 1932 4144; x_wconf 83' lang='lat' dir='ltr'>novarum</span> <span class='ocrx_word' id='word_1_202' title='bbox 1982 4066 2290 4168; x_wconf 89' lang='lat' dir='ltr'>apposi-</span> 
     </span>
    </p>
   </div>
  </div>
 </body>
</html>
