2843 4800
1555 115 1574 132 .,
1621 133 1670 162 θ’
1711 160 1735 183 .-

529 303 679 379 336
850 247 855 253 ’
1175 249 1181 256 ’
1268 231 2050 378 ιῑηωοΤυέ.”””“Ἥ

533 502 735 577 circa
801 498 1316 596 embryonem
1337 555 1358 585 ,
1431 519 1577 572 nec
1642 497 1843 575 circa
1910 517 2184 577 semen
2232 499 2596 601 positum

528 617 660 702 sit;
731 614 920 690 hinc
990 613 1279 690 melius
1352 611 1948 712 periembryum
2023 626 2161 689 aut
2230 639 2596 714 prosem-

528 731 821 827 hryum
885 724 1115 806 dicas.
1223 725 1542 833 Eodem
1590 723 1754 802 fere
1802 741 2165 830 tempore
2219 732 2597 804 Gaertne-

531 869 670 919 rus
735 842 1111 922 albumen
1171 839 1515 928 vocavit,
1579 840 1912 917 nomine
1963 841 2283 941 aptiore.
2365 846 2594 920 Nam

535 956 964 1038 albuminis
1027 978 1362 1036 munere
1427 953 1818 1052 fungitur,
1871 956 2190 1056 -quippe
2255 952 2594 1055 quoda

530 1070 1025 1169 germinante
1082 1068 1537 1164 ‚embryone
1614 1067 2131 1148 exhauriatur.
2253 1072 2421 1144 Nec
2481 1069 2594 1143 vi-

535 1184 691 1261 deo
747 1209 890 1260 cur
936 1179 1618 1267 nolintalhumen
1651 1199 1969 1270 vocare,-
2005 1207 2191 1257 cum
2228 1183 2593 1258 ovarium

535 1299 819 1375 dicant.
940 1294 1732 1383 PessimehRichard,
1804 1321 2105 1382 nomen
2193 1296 2280 1372 in
2344 1296 2594 1373 endo-

534 1412 974 1514 sperm'ium
1021 1411 1373 1498 mutavit,
1431 1435 1624 1486 cum
1690 1410 2301 1511 perispermium
2352 1410 2591 1486 indu-

529 1542 898 1612 mentum
950 1527 1412 1611 ·seminum.
1479 1526 1816 1601 exterius
1908 1524 2130 1608 dicat.
2265 1523 2591 1625 Optime

529 1639 772 1739 hujus
848 1640 1393 1724 evolutionem
1433 1659 1440 1722 ζ
1480 1638 2026 1741 εκΡοειιίῐ,··Ι..,
2075 1640 2159 1715 C.
2237 1641 2592 1716 Trevira-

524 1779 687 1845 nus
738 1757 877 1853 (V.
930 1754 1003 1829 d.
1050 1753 1664 1851 Entwickelung-
1708 1752 1846 1830 des
1894 1753 2256 1849 Embryo
2300 1779 2379 1828 u.
2446 1755 2591 1834 seir

531 1895 689 1963 nar
702 1867 1354 1965 Umhiillungen
1332 1887 1447 1950 im
1473 1865 1976 1964 Pflanzeney
1997 1866 2193 1952 Berl.
2217 1872 2429 1949 1815.
2457 1867 2592 1964 4.);

534 1981 928 2084 quaedam
979 2005 1308 2083 quoque
1361 1979 1670 2056 addidit
1718 1981 2160 2068 Dutmchet
2186 1983 2592 2112 (Memoir.

535 2094 608 2170 d.
658 2102 1032 2172 Museum
1084 2101 1174 2171 T.
1223 2100 1291 2172 8.
1341 2122 1415 2195 Ρ.
1464 2097 1631 2170 244.
1681 2096 1929 2196 seqq.)
1984 2096 2274 2183 omnia,
2322 2111 2416 2172 ut
2466 2122 2591 2172 so-

529 2209 736 2285 lent
760 2207 1037 2298 extet-i‚.
1062 2209 1501 2307 ignorans,
1563 2231 1768 2308 quae
1815 2208 2212 2308 pluribus
2247 2225 2438 2287 ante
2476 2205 2592 2313 ἰΡ-

532 2347 715 2423 sum
767 2324 995 2417 annis
1047 2321 1560 2423 descripserat
1609 2323 2103 2415 Treviranus

660 2441 819 2531 In
882 2438 1185 2513 semine
1244 2435 1586 2534 juniore
1633 2433 2249 2541 perispermium
2326 2464 2591 2515 saccu-

529 2498 705 2628 l'um
754 2548 1050 2627 format
1100 2516 1604 2641 cellulosur'n,
1644 2552 1882 2628 nullis
1932 2552 2319 2629 fasciculis
2372 2580 2592 2630 vaso·
2631 2546 2638 2552 ⁴

530 2693 718 2744 rum
794 2658 1317 2756 distinctum,
1375 2692 1613 2743 succo
1635 2640 2044 2768 limpido
2111 2669 2361 2767 magis
2437 2670 2593 2743 mi-

530 2807 815 2865 nusve·
828 2780 1251 2881 repletum,
1299 2782 1534 2862 intra
1545 2792 1822 2882 quem
1842 2781 2183 2879 embryo
2251 2797 2590 2885 apparet.

530 2897 771 2977 Hicce
835 2893 1221 2975 sacculus
1260 2909 1407 2973 aut<
1457 2897 1898 2974 cavitatem.
1912 2896 2128 2972 ovuli
2178 2896 2460 2974 forma·
2493 2898 2588 2975 ab

529 3010 1092 3110 integumentis
1126 3010 1728 3089 determinatam
1762 3011 2030 3111 replet,
2063 3021 2167 3087 ut
2199 3013 2284 3087 iu
2316 3012 2588 3115 pleris

531 3142 714 3225 (me,-
760 3137 919 3205 aut
945 3108 1486 3220 cylindraceus
1537 3138 1653 3200 est
1686 3126 2068 3226 (Daphne
2087 3125 2586 3221 Mezereum)

532 3253 717 3323 aut
728 3236 1169 3320 filiformis
1218 3236 1786 3338 (Momordica
1871 3239 2368 3336 Elaterium)
2456 3252 2588 3315 aut

527 3351 779 3435 altera
829 3353 1313 3433 extremitate
1379 3350 1778 3439 dilatatus,
1869 3353 2106 3458 altera
2186 3353 2587 3431 filiformis

531 3479 610 3541 et
680 3465 1087 3551 interdum
1177 3480 1589 3561 contortus
1654 3469 2017 3566 (Prunus
2086 3466 2588 3562 domestica).

527 3583 705 3685 Huc
758 3604 1086 3683 quoque
1134 3580 1632 3691 referendae,
1694 3583 2390 3685 quas,³hypostatas
2450 3606 2589 3656 vo-

518 3698 650 3781 'cat
696 3686 1158 3771 Dutrochet.
1232 3697 1375 3778 ,ln-
1398 3696 1956 3793 Leguminosis
2004 3698 2239 3773 variis
2289 3696 2586 3773 tenuis«-

461 3825 465 3829 ·
527 3809 825 3895 simum
896 3811 1417 3906 emhryonem
1484 3809 1816 3886 investit.
1932 3813 2143 3889 Cum
2212 3811 2593 3906 adolescit

528 3937 665 4007 aut
708 3923 944 4038 plane
980 3925 1546 4012 oblitteratum·
1573 3938 1734 4000 aut
1754 3926 2320 4015 tenuissimum
2370 3924 2465 4000 fit
2515 3937 2591 3999 et

525 4057 695 4112 non
778 4064 960 4125 raro
1028 4058 1226 4118 cum
1297 4038 1761 4120 membrana
1837 4040 2115 4118 intima
2201 4038 2586 4117 coalescit.

2391 4138 2585 4229 Vice
