2843 4800
456 355 459 356 *
596 352 741 430 100
1237 346 1995 426 STRUCTURA.

592 547 786 632 Bau.
835 543 1116 630 Absch.
1148 547 1247 639 7.)
1299 568 1345 625 e
1393 541 1696 623 cellulis
1744 540 2090 622 oriunda
2136 544 2223 620 in
2255 568 2436 622 vasa
2465 567 2649 633 mu-

595 665 793 743 tatis.
915 659 1073 740 Cfr.
1148 673 1227 737 et
1289 686 1364 761 p.
1427 662 1544 736 68.
1613 671 1692 735 et
1754 656 2003 757 ejusd.
2029 661 2314 758 Beytr.
2385 684 2459 774 Ρ.
2533 662 2647 746 22.

594 774 1181 866 Moldenhauer
1228 771 1770 849 contractione
1809 773 2011 848 oriri
2062 774 2343 872 (Beytr.
2374 798 2449 873 Ρ.
2486 775 2627 848 189

595 894 899 995 seqq.,)
966 888 1095 967 cui
1142 887 1416 980 Kieser
1464 884 1801 961 adsentit
1851 887 2211 985 (Phytot.
2270 913 2346 987 p.
2424 887 2647 981 133..)

594 1008 818 1088 vasis
884 1002 1421 1103 adjacentibus
1487 1014 1564 1077 et
1627 997 1926 1076 cellulis
1988 1000 2285 1077 inflecti
2337 1013 2414 1075 et
2460 998 2649 1089 inde

580 1103 959 1197 'contrahi
990 1117 1334 1218 probare
1367 1112 1640 1189 studui
1675 1113 2042 1209 (Grundl.
2076 1142 2149 1217 p.
2187 1119 2305 1191 59.
2335 1114 2649 1191 Nachtr.

593 1261 669 1336 p.
721 1233 897 1332 13.).
998 1228 1415 1308 Consentit
1464 1227 1845 1329 Sprengel
1894 1228 2104 1325 (Anl.
2147 1227 2291 1305 Ed.
2324 1231 2392 1304 2.
2426 1256 2506 1330 Ρ.
2537 1231 2651 1307 34.

592 1350 779 1442 35.).
905 1342 1146 1421 Strias
1230 1343 1606 1422 obscuras
1671 1365 1843 1417 non
1909 1366 2076 1419 esse
2138 1355 2351 1442 septa
2414 1367 2653 1419 mon-

593 1459 828 1538 stravi
895 1455 1259 1554 Grundl„
1296 1484 1372 1558 p.
1434 1460 1585 1545 59„
1624 1480 1841 1531 nam
1903 1454 2258 1558 liquores
2319 1456 2652 1534 colorati

444 1578 449 1581 ’
592 1572 820 1651 facile
865 1596 1011 1676 per
1056 1570 1251 1646 haec
1298 1570 1476 1645 loca
1525 1582 1952 1647 transeunt.

789 1682 1142 1788 Cellulae
1234 1682 1476 1760 fibras
1559 1683 1879 1785 spirales
1977 1684 2480 1762 continentes
2568 1686 2651 1761 in

595 1805 852 1889 Taxo,
953 1823 1299 1900 quarum
1391 1797 1696 1873 mentio
1790 1795 1886 1872 fit
1966 1796 2182 1899 apud
2229 1793 2652 1904 Kieserum

582 1901 950 2012 (Phytot.
988 1940 1074 2015 Ρ.
1122 1915 1240 1990 57.
1287 1914 1454 2003 58.)
1506 1922 1897 2012 quantum
1946 1911 2327 2014 equidem
2386 1914 2652 2005 vide0,

574 2013 832 2129 vhujus
877 2027 1038 2102 loci
1086 2039 1290 2101 sunt.

574 2133 581 2138 ’
776 2124 997 2217 Gum
1045 2137 1130 2212 in
1179 2135 1554 2240 plantulis
1598 2136 1855 2215 modo
1910 2141 2214 2231 exortiS,
2261 2142 2348 2218 in
2378 2168 2649 2221 ramu-

589 2255 687 2333 lis
782 2251 1235 2356 junioribus
1345 2274 1519 2327 non
1614 2253 2241 2356 conspiciantur,
2322 2258 2477 2335 sed
2563 2259 2646 2335 in

592 2365 884 2447 adultis
948 2363 1410 2468 praesertim
1475 2365 1630 2442 cito
1691 2368 2032 2445 crassitie
2115 2369 2387 2459 auctiS,
2461 2397 2646 2451 cum

589 2481 693 2560 ad
740 2479 1008 2557 nodos
1055 2477 1690 2580 frequentissima
1737 2482 1911 2572 sint,
1959 2508 2144 2559 cum
2193 2485 2425 2562 striae
2460 2489 2644 2564 sub-

585 2596 781 2673 inde
858 2607 1126 2670 totum
1205 2617 1338 2668 vas
1412 2620 1578 2670 non
1653 2610 2076 2707 transeant,
2152 2624 2383 2702 saepe
2450 2626 2637 2677 vero

581 2709 813 2812 plura
865 2706 1106 2783 simul
1155 2705 1288 2782 cfr.
1342 2698 1552 2844 Τ..
1616 2708 1670 2797 f,
1719 2714 1837 2788 33.
1886 2735 2058 2787 non
2104 2711 2394 2791 dubito
2452 2716 2638 2792 oriri

422 2834 426 2838 ’
572 2849 630 2907 ,3
677 2820 1025 2923 partium
1071 2819 1512 2915 vicinarum
1559 2825 1996 2925 pressione,
2048 2824 2342 2924 quibus
2389 2828 2640 2927 plicae

578 2949 719 3013 aut
763 2933 1229 3010 inflexiones
1276 2934 1843 3036 producantur.
1938 2939 2288 3038 Exposui
2336 2936 2640 3019 formas

579 3071 956 3126 vasorum
1031 3048 1523 3127 Balsaminae
1596 3050 1682 3124 in
1759 3047 2146 3124 radicula
2172 3065 2358 3150 post
2418 3052 2637 3133 diem

579 3164 672 3240 T.
710 3141 888 3273 qus.
936 3164 1074 3251 32,
1116 3161 1203 3239 in
1239 3163 1461 3240 caule
1491 3175 1675 3263 post
1707 3161 1922 3239 diem
1954 3159 2144 3237 ibid.
2183 3168 2272 3241 T.
2405 3166 2458 3243 f.
2493 3173 2633 3257 30.,

574 3274 974 3353 radiculae
1015 3290 1206 3379 post
1253 3279 1348 3355 14
1393 3275 1568 3389 dies
1617 3268 1833 3391 '124
1882 3272 1935 3352 f.
1982 3280 2120 3367 31,
2170 3281 2413 3357 cauis
2444 3296 2632 3385 post

577 3373 693 3466 14.
745 3389 916 3468 dies
967 3389 1018 3469 f.
1067 3394 1187 3468 33.

573 3641 717 3735 64.
839 3640 1104 3737 Vasa
1196 3640 1598 3762 spir-alia
1687 3655 1903 3736 tam
1987 3673 2228 3738 vera
2320 3594 2629 3769 quam

691 3782 1032 3899 spuria
1089 3786 1680 3900 magnetudzhe
1736 3768 2169 3898 variant3
2231 3786 2342 3876 in
2401 3786 2626 3877 Fili-

630 3918 975 4012 cibus
1038 3919 1425 4026 adsunt,
1484 3923 1595 4012 in
1634 3921 2203 4039 Najadibus,
2252 3926 2623 4019 Muscis

681 4071 784 4149 et
845 4055 1568 4183 Cryptophy'tis
1628 4064 2057 4180 deflczimt.
