2843 4800
526 325 688 399 38⁰.
860 291 917 392 f
1183 320 1913 398 vEGE‘rA‘rlo.

529 549 620 601 ex
650 521 1224 625 atmbsphaera
1293 545 1490 598 non
1526 521 1860 609 hauriri,
1921 517 2064 596 sed
2105 544 2253 622 ,per
2295 520 2604 600 radios³

527 637 719 714 solis
780 638 1151 714 accedere
1224 637 1769 739 experimentis
1848 634 2222 735 probare
2241 636 2607 714 studuit,

474 753 479 762 ²
528 751 863 829 Crellius
937 750 1334 850 (Gehlens
1392 755 1688 826 J'ourn.
1749 747 1828 825 d.
1903 747 2286 828 chemie.
2338 754 2464 832 T.
2499 757 2587 836 9.

523 892 599 965 p.
653 864 886 962 156..)
982 867 1085 940 At
1129 878 1410 940 monet
1459 864 1766 942 Gehlen
1814 862 1894 960 (l.
1946 886 2007 936 c.
2055 888 2130 962 p.
2181 849 2377 961 166.)
2420 865 2590 940 aci-
2696 887 2700 889 ’

528 977 767 1053 dum
790 977 1311 1056 carbonicum
1368 979 1457 1054 in
1517 977 2065 1080 atmosphaera
2129 999 2390 1077 saepe
2437 977 2588 1054 ad-

528 1114 727 1179 esse,
788 1114 999 1172 .cum
1054 1093 1554 1189 reagentibus
1613 1116 1786 1168 non
1832 1088 2256 1178 indicetur.
2365 1094 2588 1169 Sane

528 1205 753 1281 aeris
789 1206 1388 1307 atmosphaerici
1452 1207 1718 1308 p'ortio
1779 1205 1869 1280 in
1929 1204 2129 1282 tubo
2196 1206 2583 1308 probato-

523 1319 647 1394 rio
700 1331 901 1395 cum
939 1344 1169 1420 aqua
1192 1319 1418 1397 calcis
1463 1320 1766 1397 inclusa
1813 1319 2020 1395 hanc
2066 1341 2236 1398 non
2284 1319 2578 1409 turbat,

526 1458 717 1510 cum
764 1433 1044 1510 eadem
1093 1445 1296 1535 aqua
1347 1435 1504 1512 afiri
1547 1436 1670 1511 in
1690 1432 1979 1511 eodem
2028 1415 2399 1508 eubiculo
2446 1458 2582 1510 exa

418 1589 421 1600 ·
522 1548 813 1649 posita,
860 1572 1052 1625 mox
1097 1548 1479 1625 turbetur.
1573 1548 1883 1626 Plantas
1931 1545 2254 1622 acidum
2298 1548 2582 1625 carbo-

472 1730 476 1734 .
523 1662 821 1737 nicum.
860 1663 950 1738 in
1012 1663 1557 1764 atmosphaera
1615 1675 1698 1739 -et
1744 1660 1932 1738 solis
1979 1659 2221 1736 radiis
2265 1663 2578 1762 >exposi-

523 1789 639 1851 tas
703 1775 1324 1880 decomponere,
1398 1791 1476 1853 et
1562 1775 2077 1867 carbonicum
2149 1775 2580 1858 absorbere

529 1893 913 1967 Saussure
984 1892 1348 1992 probavit
1414 1890 1701 1988 (Rech.
1761 1916 1836 1990 p.
1900 1893 2017 1967 39.
2082 1914 2297 1990 seqq.
2313 1890 2370 1988 ).
2483 1892 2570 1968 si

525 2005 1039 2084 carbonicum
1104 2030 1205 2080 er
1258 2004 1801 2105 atmosphaera
1862 2003 1951 2078 in
1998 2003 2350 2104 plantam
2396 2030 2590 2108 per--

521 2120 768 2207 venit,
822 2134 899 2195 et
947 2132 1265 2196 azotum
1317 2117 1507 2193 inde
1556 2118 1885 2194 transire
1933 2131 2210 2218 potest.

716 2237 1032 2308 Humus
1078 2232 1317 2329 igitur
1361 2244 1780 2309 stercorata
1828 2257 1971 2334 per
2020 2245 2146 2308 eas
2187 2235 2576 2325 materias,

525 2368 728 2449 quae
779 2370 868 2421 ex
915 2347 1083 2447 ipsa
1131 2346 1217 2420 in
1264 2342 1613 2421 radicem
1661 2346 1974 2450 plantae
2019 2346 2331 2438 intrant,
2363 2350 2574 2428 hanc

522 2484 692 2537 non
741 2460 1010 2535 nutrit.
1110 2463 1320 2537 Cum
1367 2484 1555 2539 vero
1604 2461 1691 2537 in
1742 2487 1829 2539 ea
1893 2462 2206 2563 plantae
2268 2464 2577 2565 optime

507 2572 867 2671 vigeant,
939 2599 1107 2650 non
1185 2575 1542 2653 dubium¹
1609 2589 1747 2664 est,
1830 2578 2085 2678 ipsam
2147 2575 2249 2654 ad
2315 2603 2572 2680 aquae

524 2688 1297 2792 decompositionem
1348 2704 1425 2766 et
1470 2690 1997 2767 mutationem
2045 2716 2189 2792 per
2243 2690 2570 2770 fibrillas

470 2902 473 2905 .
520 2802 805 2879 radicis
886 2819 1278 2906 peractam
1357 2805 1753 2883 inservire.
1896 2808 2357 2907 Corporum
2439 2833 2573 2885 or-

519 2918 987 3016 ganicorum
1050 2919 1592 3021 corruptione·
1629 2920 1912 3010 oritur,
1987 2921 2365 3019 exygenei
2422 2921 2572 3019 igi-

518 3045 651 3106 tur
717 3047 1086 3134 appetens
1149 3034 1491 3122 videtur,
1552 3033 1660 3110 ita
1733 3049 1824 3114 ut
1870 3036 2267 3136 aptissima
2314 3035 2416 3111 sit
2462 3033 2567 3112 ad

521 3170 811 3245 aquam
863 3171 1263 3246 oxygeneo
1316 3162 1742 3227 scatentem
1794 3147 2563 3251 decomponendam.

519 3260 900 3335 Fortassis
967 3276 1045 3337 et
1098 3263 1185 3337 in
1248 3262 1397 3338 hac
1471 3261 2158 3363 decompositione
2205 3264 2565 3340 carboni-

520 3395 707 3447 cum
759 3388 834 3449 et
881 3391 1204 3452 azotum
1250 3376 1336 3451 in
1383 3375 1642 3452 humo
1694 3377 1924 3453 obvia
1971 3378 2430 3468 liberantur,
2470 3391 2574 3465 ut,

517 3485 869 3588 plantam
917 3491 1205 3565 intrare
1253 3490 1604 3592 possint'

520 3628 692 3718 201
706 3683 725 3715 .-
848 3630 1313 3746 Prz‘nczjnia
1392 3628 1791 3744 plantae
1879 3632 2263 3720 chemz‘ca
2314 3662 2561 3752 pere·

638 3775 937 3887 grz’na'
1009 3797 1514 3871 vocamu8‚
1620 3797 1876 3890 quae
1991 3767 2119 3859 ad
2225 3799 2564 3887 oxyge-

638 3939 981 4025 neum,
1042 3907 1839 4026 hydrogeneum‚
1902 3908 2564 4001 carbonicum
2649 3898 2652 3901 ’

643 4062 745 4140 et
806 4063 1206 4143 azotum
1266 4048 1632 4139 referri
1691 4062 2233 4166 nequeunt.
