2843 4800
1064 306 1515 429 GEMMA.
1571 372 1576 378 ·
1830 354 1836 369 ²
2167 355 2324 428 213-

264 555 518 658 posita
582 564 801 628 sunt
817 562 896 626 et
941 548 1336 650 stipulata,
1364 549 1685 651 reliqua
1737 550 2244 701 exstipulata‘
2235 565 2330 626 et=

267 670 581 747 alterna.
1413 726 1418 733 .
1749 722 1754 729 .
2236 716 2242 725 .
2319 696 2328 735 1

457 786 775 857 Bractea
839 791 956 854 est
1012 774 1302 853 {olium
1348 799 1926 875 gemmaceum,
1975 775 2141 852 basi
2189 798 2308 851 re-

267 908 667 982 manente,
715 889 983 968 media
1032 904 1109 965 et
1157 889 1407 966 antica
1456 904 1676 991 parte
1703 889 2198 979 oblitteratis.
2239 942 2270 973 ..
2323 948 2330 955 ,

271 1145 470 1235 129.
594 1146 691 1234 F
683 1148 889 1232 olla
921 1146 1163 1229 intra
1221 1170 1651 1260 gemmam
1712 1154 1883 1231 aut
1938 1144 2128 1260 per
2160 1140 2320 1242 se.
2419 1134 2425 1143 ¹

388 1294 561 1371 aut
653 1310 886 1370 cum
981 1241 1191 1367 aliis
1289 1277 1551 1368 foliis
1632 1274 1905 1370 vario
1991 1269 2326 1419 modo'

391 1424 847 1510 convoluta
911 1430 1010 1508 et
1073 1416 1594 1536 complzcaia
1656 1433 1923 1531 sunt.-

350 1626 353 1631 ·
460 1585 981 1663 Foliationem
1043 1601 1269 1663 vocat
1326 1588 1720 1667 Linnaeus
1782 1540 2014 1663 istam
2087 1610 2304 1669 com-⁴

265 1701 771 1803 plicationem
818 1698 1202 1777 foliorum
1252 1701 1454 1777 intra
1498 1724 1850 1799 gemmas
1881 1699 2323 1798 (Phih-bot„

184 1832 187 1835 ’
268 1819 429 1892 163.
493 1812 685 1909 VI..)
802 1812 961 1889 Sed
1024 1813 1620 1912 distinguenda
1643 1828 1757 1890 est
1805 1812 2320 1913 complicatio

264 1927 459 2005 folii
484 1952 630 2029 per
677 1951 761 2003 se
810 1941 890 2005 et
935 1928 1436 2071 complicatio
1489 1952 1676 2004 cum
1727 1927 1914 2004 aliis
1923 1925 2135 2003 foliis
2167 1922 2305 2011 ad-
2319 1972 2325 1977 -

261 2041 714 2142 jacentibus.
2281 2108 2286 2117 ,

225 2248 231 2253 .
452 2155 777 2239 Folium
838 2179 986 2256 per
1040 2178 1131 2230 se
1195 2168 1331 2231 aut
1395 2168 1512 2232 est
1555 2155 1976 2233 involutum
2020 2151 2305 2257 margi-

260 2270 502 2347 nibus
563 2293 834 2347 versus
905 2269 1273 2370 paginam
1358 2271 1852 2372 superiore-m
1928 2269 2322 2371 utrinque

262 2383 603 2472 volutiS.
638 2384 1050 2472 revolutum
1094 2384 1583 2483 marginibus
1629 2409 1900 2463 versus
1934 2383 2306 2485 paginam

264 2496 726 2573 inferiorem
808 2497 1186 2598 utrinque
1258 2497 1582 2586 volutiS,
1663 2501 2320 2588 convolutum,....a.
2425 2565 2426 2572 ,

263 2610 625 2707 margIne
683 2610 784 2685 ad
842 2612 1282 2710 marginem
1342 2635 1609 2696 versus
1658 2611 2026 2711 paginam
2075 2633 2304 2712 supe,-

262 2724 567 2812 riorem
628 2723 991 2798 volutum
1065 2735 1142 2798 et
1214 2722 1543 2824 quidem
1617 2726 2108 2816 dextrorsum·
2172 2735 2320 2810 aut*

262 2840 807 2924 sinistrorsum,
857 2840 1506 2939 conduplicatum,
1559 2835 1929 2911 lateribus
1976 2835 2311 2935 paginae

263 2950 695 3053 superioris
743 2951 893 3027 sibi
943 2950 1355 3051 impositiS‚
1393 2951 1780 3052 plicatum,
1822 2949 2027 3024 linea
2044 2962 2305 3050 trans-

265 3066 539 3142 versali
585 3063 687 3141 ad
737 3064 1067 3164 angulos
1118 3063 1608 3140 acutissimos
1658 3062 1914 3149 fracta,
1964 3061 2306 3136 czrcznale

267 3179 755 3278 marginibus
818 3181 987 3254 ‘non
1050 3179 1317 3256 solum
1378 3176 1755 3277 utrinque
1830 3159 2310 3260 involutum

268 3290 411 3368 sed
486 3315 813 3394 quoque
879 3281 977 3370 ab
1040 3292 1259 3395 apice
1321 3288 1423 3367 ad
1479 3289 1706 3366 basin
1765 3273 2302 3365 convolutum

269 3411 584 3481 Horum
649 3405 1016 3481 omnium
1081 3433 1147 3480 v.
1201 3403 1550 3508 exempla
1602 3387 1815 3505 apud
1859 3367 2310 3510 Linnaeum

272 3519 363 3616 (l.
416 3523 547 3615 c.).
665 3519 976 3619 Species
1035 3517 1250 3594 hisce
1296 3517 1580 3598 formis
1629 3542 1798 3594 non
1847 3499 2118 3600 solum,
2165 3540 2305 3614 op-

268 3617 461 3708 time
528 3631 1151 3730 distinguuntur,
1202 3631 1342 3707 sed
1393 3656 1720 3734 quoque
1767 3632 1976 3708 bene
2021 3652 2305 3728 genera

271 3744 752 3848 ordinesque
817 3745 1225 3823 naturales.
1334 3744 1653 3821 FoIium
1721 3744 2092 3832 circinale.
2130 3737 2305 3817 ch'a-

270 3872 646 3934 racterem
710 3859 908 3937 sistit
963 3860 1299 3936 Filicum
1359 3873 1438 3934 et
1498 3856 2064 3962 Cycadearum3
2112 3861 2305 3931 Pru-

271 3995 421 4046 nus
489 3970 920 4049 domestica
999 3975 1236 4049 habet
1296 3970 1528 4047 solia·
1600 3970 2050 4056 convoluta,
2110 3973 2306 4045 Pru-.

206 4122 211 4129 ·
270 4109 422 4160 nus
484 4088 817 4163 Cerasus
877 4111 1062 4164 vero
1126 4085 1315 4163 folia
1379 4081 1947 4183 conduplicata.
2044 4082 2128 4158 Si
2157 4076 2304 4159 'sti-
