2843 4800
524 356 678 433 286
1387 355 1715 432 FLOS.

529 554 860 633 stamina
916 544 1338 653 hypogyna
1408 553 1771 632 habeant.
1868 554 2275 654 ¹Perigyna
2323 556 2582 632 stricte

529 673 639 747 sic
707 669 912 745 dicta
975 667 1232 769 posita
1295 683 1515 758 sunt,
1579 670 1722 744 ubi
1769 668 2299 770 hypanthium
2353 695 2395 745 a
2443 695 2580 771 pe-

525 783 872 862 rianthio
925 782 1245 873 secedit,
1296 797 1374 858 et
1423 783 1719 858 corolla
1752 783 2039 859 inserta
2081 784 2579 884 conspicitur.

525 906 622 978 In
673 897 989 1000 apetalis
1040 922 1270 998 saepe
1318 898 1736 999 perigonio
1788 898 2160 998 imposita
2211 912 2397 974 sunt
2446 913 2583 974 aut

527 1018 730 1102 im0‚
796 1026 933 1088 aut
993 1010 1301 1099 medio,
1371 1024 1506 1087 aut
1567 1035 1912 1086 summo.
2008 1012 2361 1112 Epigyna
2411 1036 2579 1111 ger.-

527 1128 728 1205 mini
774 1128 1164 1202 insistunt.
2555 1194 2560 1197 Α

725 1243 1127 1320 Alternare
1195 1264 1382 1314 cum
1446 1239 1775 1329 corolla,
1828 1241 2193 1341 opposita
2244 1265 2409 1317 esse
2461 1266 2581 1316 ca-

528 1359 710 1457 lyci,
777 1381 1012 1456 supra
1073 1352 1232 1452 jam
1301 1354 1661 1430 diximus.
1771 1360 1911 1431 Est
1958 1357 2153 1431 s‘itus
2202 1356 2578 1454 *vulgatus

529 1476 770 1550 situm
842 1469 1389 1547 verticillatum
1466 1466 1556 1545 et'
1617 1468 2128 1545 alternantem
2193 1469 2581 1546 soliorum

527 1586 894 1675 referens.
991 1588 1093 1661 At
1143 1583 1393 1658 variae
1443 1582 1791 1677 accidere
1825 1597 2162 1685 possunt
2195 1586 2577 1686 exceptio-

529 1728 689 1778 nes.
823 1702 906 1777 Si
982 1698 1279 1774 corolla
1348 1696 1617 1773 deficit
1681 1713 1757 1774 et
1821 1700 2032 1796 calyx
2097 1692 2576 1774 corollaceus

531 1818 803 1904 evasit,
869 1813 1214 1890 corollae
1282 1810 1651 1889 videntur
1719 1814 2099 1914 opposita.
2217 1815 2298 1889 Si
2358 1839 2575 1915 para-

451 1999 462 2012 .
526 1930 779 2032 petala
848 1928 1167 2013 adsunt,
1235 1951 1420 2001 cum
1482 1913 1606 2017 his
1657 1927 1987 2001 stamina
2041 1926 2452 2016 alternant,
2503 1941 2578 2002 et

526 2047 731 2120 hanc
782 2044 889 2118 ob
938 2067 1112 2117 rem
1148 2040 2068 2142 corollaeopponuntur.
2162 2036 2576 2118 Interdum

528 2181 857 2259 quoque
905 2154 1454 2255 multiplicatio
1507 2155 1880 2230 naturalis
1931 2155 2201 2232 adesse
2249 2155 2574 2242 videtur,

529 2286 606 2347 et
652 2272 840 2345 hinc
889 2270 1218 2346 stamina
1267 2268 1728 2369 parapetalis
1764 2271 2067 2370 opponi
2101 2271 2204 2346 ita
2237 2285 2329 2345 ut
2358 2297 2574 2371 para-

524 2386 880 2487 petalum
944 2383 1298 2459 staminis
1363 2383 1758 2486 appendix
1820 2387 1947 2473 sit,
1999 2398 2135 2462 aut
2181 2400 2573 2487 parapeta-

527 2502 701 2575 lum
761 2498 1405 2599 multiplicatum,
1473 2501 1848 2576 interiore
1896 2500 1984 2574 in
2035 2515 2337 2577 stamen
2391 2525 2573 2576 con-

525 2639 775 2701 verso,
828 2613 1051 2715 quod
1102 2614 1184 2689 in
1233 2614 1656 2715 Epimedio
1710 2616 2077 2691 accidisse
2136 2617 2572 2717 putaverim
2639 2684 2654 2716 ,

525 2731 665 2806 ubi
718 2727 1014 2805 corolla
1068 2728 1359 2817 deficit,
1415 2743 1551 2805 aut
1602 2731 1685 2804 in
1734 2729 2162 2806 Berberide
2210 2730 2352 2804 ubi
2403 2731 2571 2805 bra-

527 2860 738 2920 cteae
803 2843 1141 2941 calycem
1205 2842 1600 2933 formant,
1680 2846 1893 2943 calyx
1955 2845 2063 2919 sic
2126 2841 2381 2919 dictus
2447 2869 2573 2918 co-

445 2977 453 2990 ·
523 2959 725 3035 rolla
809 2972 951 3046 est,
1038 2957 1291 3059 petala
1367 2984 1556 3036 vero
1634 2958 2074 3061 parapetala
2136 2972 2349 3044 sunt,
2430 2972 2573 3033 sta-

523 3074 741 3148 mina
794 3072 1283 3176 appendices.
1396 3075 1655 3150 Simili
1719 3073 1973 3149 modo
2040 3072 2575 3174 parapetalum

522 3187 1003 3287 Asclepiadis
1034 3201 1671 3287 parastemonem
1723 3187 2016 3263 exserit.
2097 3188 2572 3264 Fasciculata

523 3300 849 3376 tandem
899 3304 1227 3377 stamina
1276 3311 1425 3403 pro
1478 3301 1808 3400 singulis
1856 3303 2218 3378 habenda
2267 3298 2573 3404 (Sparr-

522 3415 843 3490 mannia
860 3416 912 3512 ).

717 3535 1119 3605 Numerus
1170 3531 1603 3607 staminum
1650 3531 1964 3608 varius.
2041 3503 2347 3609 Reduci
2386 3543 2575 3661 ‘pot-

528 3653 643 3720 e'st
716 3642 815 3718 ad
894 3645 1336 3745 primitivos
1410 3648 1878 3737 ternarium,
1962 3646 2574 3749 quaternarium,
2635 3645 2642 3652 ”

527 3758 1014 3890 quinarium,
1063 3757 1419 3891 majores·
1454 3762 1770 3837 numeri
1824 3786 1865 3836 e
1916 3762 2269 3837 seiiebus
2305 3759 2574 3835 multi-

522 3875 823 4003 plicatis
874 3873 1260 3960 oriuntur,
1309 3874 1668 3952 minores
1720 3900 1764 3951 e
1813 3874 2146 3951 defectu.
2247 3881 2575 3971 Quater-

525 3989 793 4064 narius
844 4002 977 4063 aut
1024 3988 1471 4089 primitivus
1523 4005 1670 4078 est,
1717 3992 1834 4066 uti
1885 4004 2092 4065 certe
2141 3991 2224 4066 in
2274 3990 2573 4067 Rubia-

527 4100 716 4189 ceis,
783 4117 919 4178 aut
982 4102 1409 4181 defectivus
1469 4119 1562 4182 ut
1619 4107 1703 4181 in
1767 4105 2123 4181 Lahiatis.
2220 4110 2429 4181 Nam
2489 4106 2572 4178 in
