2843 4800
1089 309 1469 392 FOLIA.
2164 317 2309 392 185
2360 335 2363 344 ·

257 530 478 606 nent,
529 529 623 593 ut
667 514 761 590 in,
807 512 1225 592 Camelliae
1273 511 1678 615 japonicae
1726 511 1937 591 foliis
1989 538 2307 595 cernere

257 632 453 709 licet.

452 743 799 822 Cellulae
871 744 955 819 in
1016 744 1296 844 pagina
1360 742 1772 842 superiore
1820 743 2122 841 majore
2172 770 2307 822 co·
2403 769 2414 840 χ
2521 753 2522 760 '

255 860 385 962 pia
435 858 807 935 materiae
853 856 1122 933 viridis
1170 856 1510 960 repletae
1559 871 1762 946 sunt,
1809 857 2031 936 unde
2082 860 2307 937 color

255 972 529 1049 viridis
576 972 826 1071 magis
871 972 1245 1048 intensus.

451 1086 900 1188 Epidermis
985 1111 1028 1162 a
1101 1085 1488 1163 foliorum
1566 1086 1850 1189 pagina
1932 1086 2309 1166 inferiore

255 1201 483 1278 facile
535 1200 989 1287 detrahitur,
1040 1198 1443 1277 difficilius
1491 1227 1531 1276 a
1566 1202 1848 1302 pagina
1880 1204 2309 1305 superiore,

255 1314 665 1392 interdum
725 1313 811 1391 id
869 1312 1250 1415 perficere
1309 1341 1479 1393 non
1526 1314 1708 1393 licet
1756 1315 1864 1393 ob
1912 1317 2308 1396 membra-

258 1454 404 1507 nas
449 1430 699 1528 magis
748 1428 1062 1504 strictas.

456 1543 539 1619 Si
587 1541 761 1620 folii
813 1542 1222 1640 diaehyma
1270 1541 1478 1620 inter
1535 1566 1820 1621 nervos
1883 1547 2307 1647 prominet,

259 1655 551 1734 folium
598 1657 691 1732 fit
737 1684 1117 1758 rugosum.

458 1769 856 1872 Splendor
898 1770 1227 1871 paginae
1259 1773 1687 1873 superioris
1722 1773 1976 1851 oritur
2010 1799 2051 1850 a
2088 1799 2308 1850 com·-

259 1910 457 1989 page
505 1886 753 1983 magis
803 1885 1060 1961 stricta
1112 1887 1483 1962 omnium
1530 1887 1894 1988 partium.

458 1999 898 2077 Glandulae
960 2000 1216 2077 variae
1279 2013 1494 2087 sunt,
1558 2000 1661 2077 de
1725 2000 2019 2103 quibus
2082 2001 2307 2080 infra.

257 2118 418 2193 Aut
465 2129 672 2191 extra
719 2112 1013 2190 folium
1062 2138 1228 2191 non
1278 2114 1772 2215 prominent,
1823 2130 1961 2193 aut
2006 2119 2309 2220 promi-

257 2244 470 2319 nent,
518 2243 656 2306 aut
698 2228 1125 2330 impressae
1174 2242 1376 2317 sunt,
1407 2228 1628 2306 unde
1658 2229 1950 2308 folium
1981 2249 2310 2333 puncta-

255 2359 453 2421 tum.
553 2344 634 2421 Si
684 2344 1174 2444 prominent,
1226 2343 1549 2447 papillas
1582 2369 1813 2447 saepe
1842 2344 2198 2426 formant
2235 2362 2313 2427 et

256 2482 638 2537 verrucas.
748 2457 1358 2560 Frequentiores
1407 2474 1595 2535 sunt
1641 2459 1725 2535 in
1775 2462 2059 2562 pagina
2107 2463 2308 2541 infe-

257 2573 475 2647 riore
547 2597 787 2673 quam
859 2572 944 2648 in
1018 2572 1460 2675 superiore,
1543 2586 1722 2649 tum
1793 2574 1881 2651 in
1953 2579 2311 2678 margine

261 2711 510 2788 quam
562 2685 800 2764 disco.

452 2800 879 2879 Radiculae
942 2823 1110 2875 non
1161 2800 1659 2890 emittuntur,
1707 2803 1858 2879 nisi
1919 2816 2123 2881 terra
2173 2819 2310 2884 aut

261 2940 447 2993 casu
495 2930 628 2993 aut
678 2929 841 2990 arte
891 2911 1230 2990 admota.
2416 2911 2421 2917 '

449 3029 828 3132 Papulae,
891 3026 955 3104 si
1007 3026 1322 3114 adsunt,
1381 3039 1804 3129 utramque
1849 3043 2128 3128 tegunt
2171 3048 2309 3133 pa..

257 3144 526 3242 ginam
573 3142 749 3221 folii
800 3155 877 3218 et
920 3140 1306 3242 undique.

451 3258 599 3335 Pili
665 3256 1122 3360 praesertim
1183 3256 1269 3331 in
1328 3255 1610 3357 pagina
1671 3254 2047 3336 inferiore
2098 3274 2177 3336 et
2220 3260 2307 3335 in

257 3371 614 3468 margine
695 3372 1215 3472 reperiuntur,
1363 3373 1611 3471 Saepe
1689 3384 1998 3449 tantum
2080 3374 2306 3449 bulbi

256 3485 613 3586 pilorum
665 3485 953 3563 adsunt
1002 3500 1079 3560 et
1124 3484 1414 3561 solium
1463 3485 1827 3562 scabrum
1875 3487 2248 3566 reddunt.

456 3599 726 3676 Aculei
777 3624 821 3675 e
871 3599 1127 3674 nervis
1176 3612 1483 3674 tantum
1533 3598 1956 3699 prodeunt.

261 3753 466 3842 112.
591 3755 829 3842 Situs
888 3750 1367 3841 foliorum
1433 3752 1557 3840 ab
1627 3754 2015 3843 alterno
2062 3784 2326 3845 verow

388 3890 535 3991 ad,
585 3892 1279 3983 verticillatum
1357 3905 1455 3980 et
1524 3892 1763 3984 inde
1830 3893 1958 3983 ad
2022 3895 2305 3987 alter-

383 4062 632 4123 num
701 4032 1197 4138 dimotum
1257 4033 1635 4123 transit.
