2843 4800
1048 338 1433 474 {tADIK
2118 346 2258 420 129

425 536 911 618 Rhizo'matis
996 536 1381 618 vocabulo
1477 540 1779 638 primus
1874 566 2066 622 usus
2146 559 2261 623 est

224 651 666 727 Ehrhartus
742 651 1035 747 (Beytr.
1112 676 1171 724 z.
1231 652 1770 726 Naturkunde.
1834 633 1898 728 4.
1957 683 2030 757 p.
2098 660 2254 760 44.)

225 765 315 839 13
363 765 698 839 Filicum
748 765 1179 839 rhizoniate
1231 764 1765 842 describendo.
1881 773 2093 864 Tum
2143 799 2259 849 se-

230 879 392 952 cuti
458 892 643 953 sunt
691 877 816 952 alii
864 878 1233 963 Botanici,
1283 890 1600 977 partem'
1634 882 2088 958 crassiorem
2131 911 2255 963 ra-

235 991 432 1066 dicis
490 991 595 1065 ita
643 1006 1005 1066 vocantes
1069 991 1544 1087 (Bernhardi
1609 993 1912 1070 Handb.
1968 997 2064 1072 d.
2067 1002 2255 1075 Bot.

228 1132 307 1206 p.
368 1108 490 1182 82.
552 1104 932 1180 Willden.
998 1103 1337 1179 Grundr.
1390 1105 1461 1179 d.
1511 1108 1907 1183 Krauterk.
1955 1138 2027 1211 p.
2076 1114 2255 1209 241).

231 1222 439 1304 Non
513 1216 1044 1294 confundatur
1098 1218 1492 1293 rhizoma
1551 1243 1734 1295 cum
1815 1222 2256 1302 stolonibus

230 1329 755 1448 3111310515.-
1002 1363 1005 1364 ⁷
2197 1337 2264 1404 .ιὲ

344 1446 814 1523 Rhizoma
875 1443 969 1519 fit
1030 1469 1213 1520 cum
1245 1446 1466 1520 basis
1517 1447 1754 1520 caulis
1817 1450 2264 1528 secundum

239 1579 520 1634 omnes
578 1556 1111 1633 dimensiones
1176 1573 1538 1655 augetur
1561 1573 1658 1634 et
1693 1561 1799 1635 ita
1859 1562 2066 1638 intra?
2108 1578 2260 1640 ter-a

233 1696 406 1746 ram
480 1669 975 1769 demergitur.
1104 1676 1261 1748 Aut
1333 1662 1754 1768 globosutn
1832 1689 1976 1760 est,
2025 1692 2142 1750 ut
2157 1679 2260 1752 1-3

234 1785 753 1872 Rmunculis,
829 1800 963 1859 aut
1043 1779 1513 1881 oblongum,
1561 1800 1684 1860 ut
1739 1787 1824 1859 in
1879 1788 2256 1865 Filicibus

238 1891 747 1984 nostratibus,
768 1959 771 1962 .
821 1913 957 1973 aut
999 1897 1621 1998 placentiforme,
1694 1913 1785 1974 ut
1844 1900 1930 1973 in
1997 1900 2266 1997 Cycla-⁴

238 2031 511 2098 mine.
568 2009 1045 2111 Plerumque
1088 2035 1441 2108 gemmas
1489 2009 1789 2110 profert
1836 2025 1911 2086 et
1956 2012 2264 2091 radica-³
2344 2041 2347 2043 ’

236 2126 423 2212 135
438 2117 537 2201 iet
588 2128 852 2200 oritur
909 2126 1228 2225 proprie
1290 2150 1333 2199 e
1393 2124 1755 2221 gemmis,
1830 2151 2031 2228 quae
2077 2153 2266 2227 pro-¹

241 2238 425 2315 dire
466 2247 810 2326 tentant,
885 2263 1039 2339 qua
1110 2239 1219 2313 13
1265 2261 1403 2314 re
1433 2238 1841 2315 tuberibus
1926 2242 2258 2368 omnino

239 2340 661 2511 analogum
712 2366 841 2428 est.
1735 2412 1738 2413 ν
1877 2383 1884 2394 ⁴
2255 2399 2258 2400 ν

396 2470 529 2542 ln
587 2465 980 2554 Bulbosis‚
1046 2492 1227 2543 cum
1289 2467 1515 2545 bulbi
1565 2483 1644 2542 et
1687 2468 2077 2546 radiculae
2127 2473 2266 2546 311

224 2518 660 2665 scendunt,
701 2606 879 2681 pars
938 2580 1213 2655 infima
1261 2580 1540 2655 fatiscit
1591 2594 1733 2655 -aut
1779 2583 2065 2671 statim,
2129 2599 2265 2659 aut

239 2693 548 2770 diutius
597 2692 984 2781 adhaeret,
1033 2709 1124 2768 ut
1168 2695 1252 2768 in
1301 2694 1786 2790 AntholyziS,
1834 2698 2212 2771 BabianiS.

212 2796 309 2865 ’ἓν
434 2809 533 2883 In
594 2806 957 2884 Filic'ibus
1019 2807 1363 2880 arboreis
1426 2807 1783 2881 rhizoma
1832 2831 2064 2907 supra
2113 2824 2263 2883 ter:-

239 2940 435 3019 ram·
461 2918 931 2996 adscendere
978 2919 1302 2995 videtur.
1371 2920 1686 2994 Caudex
1738 2944 2063 3019 quoque
2094 2922 2262 2996 Pal·-

238 3024 585 3121 ma'mm,
643 3036 1118 3119 Dracaenae,
1181 3033 1416 3108 Aloes
1480 3033 2038 3107 arborescentis
2094 3058 2262 3108 non

240 3146 539 3223 minus
579 3144 681 3222 ad
752 3147 1106 3222 rhizoma
1166 3143 1436 3221 referri
1498 3158 1787 3245 potest,
1853 3145 2004 3218 nisi
2075 3142 2264 3220 velis

240 3246 413 3336 1130-
446 3250 789 3361 ’quoque
851 3259 1227 3335 reducere
1291 3283 1571 3336 omnes
1621 3260 2004 3334 arborum
2044 3255 2266 3335 truri-

241 3376 385 3450 co's
400 3390 765 3471 gemmas
785 3375 1076 3475 absque
1108 3373 1315 3451 folio·
1339 3373 1714 3452 fulciente·
1737 3371 2239 3475 proferentes.
2257 3406 2264 3433 .-

310 3568 317 3573 ,
427 3487 679 3564 Radix
745 3511 1066 3587 quoque
1127 3512 1578 3587 praemorsa
1640 3484 1879 3583 hujus
1939 3512 2268 3592 quoque

240 3600 548 3677 videtur
609 3600 785 3676 loci.
925 3602 1228 3686 Oritur,
1291 3626 1476 3677 cum
1548 3600 1958 3678 inferiores
2033 3602 2265 3677 exsic-

242 3729 514 3790 cantur
583 3700 775 3789 folia
839 3728 915 3789 et
975 3713 1400 3801 radiculae,
1482 3715 1706 3790 novis
1769 3739 2001 3814 supra
2047 3712 2264 3787 hisce

245 3829 523 3905 exortis
586 3827 806 3902 unde
853 3828 1019 3902 basi
1072 3825 1309 3900 caulis
1358 3827 1767 3903 immutata
1820 3841 1953 3900 aut
1998 3839 2264 3925 putre-

245 3940 420 4018 dine
473 3955 844 4041 corrupta
891 3963 1341 4043 praemorsa
1389 3940 1747 4016 videtur.

1642 4173 1691 4241 9
