2843 4800
880 338 1806 418 INTEGUMENTA.
2213 342 2358 419 231

518 536 958 616 Glandulae
1022 537 1506 637 compositae
1557 561 1601 613 e
1647 536 2012 637 pluribus
2063 537 2359 616 cellulis

308 668 679 730 constant
778 652 1217 748 aggregatis.
1371 650 1852 752 Plerumque
1947 650 2359 752 impositae
2409 678 2428 710 -·

310 782 503 843 sunt
550 752 788 866 stipiti
843 790 1007 840 non
1060 765 1326 840 minus
1369 788 1411 839 e
1444 764 1804 865 pluribus
1840 762 2135 841 cellulis
2172 791 2357 842 con-

310 896 559 967 texte,
634 904 778 955 nec
851 903 1111 954 unum
1175 893 1482 954 tantum
1548 878 1894 953 canalem
1947 880 2361 957 exhibenti.-

309 994 849 1093 Reperiuntur
896 993 980 1065 in
1031 995 1273 1079 Rosa,
1324 993 1561 1068 Rubo
1617 991 1960 1091 aliisque.
2010 1075 2014 1079 ,
2060 996 2153 1068 In
2200 997 2355 1091 Hy-

313 1109 582 1208 perico
636 1105 871 1203 calyci
924 1104 1424 1207 corollaeque
1471 1105 1884 1203 impositae
1935 1121 2133 1193 sunt,
2184 1131 2355 1183 suc-

317 1245 499 1295 cum
568 1244 734 1294 non
800 1216 1289 1308 exsudanteS,
1354 1220 1490 1294 sed
1544 1218 1627 1292 in
1680 1218 1976 1294 cellulis
2025 1245 2352 1297 succum

313 1333 850 1409 ruberrimum
903 1331 1412 1408 continentes.
1533 1336 1682 1407 Per
1727 1331 2090 1408 medium
2139 1335 2351 1434 stipi-

314 1448 412 1523 tis
461 1449 544 1522 in
592 1446 830 1522 Rubo
883 1445 1221 1522 odorato
1271 1444 1686 1522 fasciculus
1722 1470 1766 1522 e
1803 1446 2097 1524 cellulis
2133 1447 2350 1524 elon-

321 1560 511 1661 gatis
563 1558 920 1639 decurrit.

332 1752 333 1759 ἵ
514 1672 918 1774 Simplices
977 1674 1454 1775 plerumque
1515 1672 1860 1750 formam
1933 1675 2348 1774 globosam

316 1785 635 1873 habent,
718 1801 851 1862 aut
930 1789 1380 1886 oblongam.
1507 1787 2015 1886 Compositae
2087 1786 2347 1865 forma

312 1915 497 1976 sunt
552 1900 911 1998 globosa,
990 1901 1364 2000 oblonga,
1438 1915 1729 1989 retusa,
1799 1899 2344 2002 cupuliformi3

309 2016 541 2116 stipes
590 2029 725 2090 aut
771 2014 1100 2115 simplex
1150 2030 1294 2102 est,
1345 2029 1481 2091 aut
1525 2016 1776 2090 rarius
1825 2039 2205 2090 ramosus

498 2128 620 2207 Ad
671 2128 1080 2226 glandulas
1128 2154 1432 2214 omnes,
1467 2129 2007 2232 cujuscunque
2040 2127 2195 2204 sint
2226 2125 2345 2201 in-

309 2241 545 2329 dolis,
591 2268 766 2318 vasa
819 2242 1033 2317 nulla
1081 2255 1504 2319 transeunt.

498 2355 653 2434 Csr.
690 2356 1065 2432 Guettard
1103 2357 1462 2433 Memoir.
1498 2354 1598 2433 de
1629 2354 1904 2435 l'Acad.
1942 2355 2014 2431 d.
2049 2355 2341 2432 Scienc.

303 2498 379 2572 p.
430 2474 638 2548 1745.
687 2498 758 2571 p.
806 2473 972 2547 263.
1024 2494 1167 2545 nec
1219 2495 1385 2546 non
1440 2471 1790 2547 Schrank
1840 2496 1998 2547 von
2053 2470 2123 2545 d.
2189 2474 2342 2548 Ne-

305 2581 805 2681 hengefatsen
857 2585 927 2660 d.
979 2585 1369 2662 Pssanzen.
1445 2585 1611 2660 Hal.
1664 2588 1911 2672 1794„
1963 2583 2101 2686 qui
2150 2605 2337 2658 vero

304 2696 404 2773 ad
503 2695 908 2794 glandulas
990 2699 1278 2774 multas
1367 2698 1552 2775 alias
1649 2712 1904 2800 partes
1986 2695 2340 2776 referunt

298 2813 463 2888 huc
511 2835 681 2886 non
730 2812 1203 2911 pertinentes

300 3083 500 3176 138.
631 3084 1085 3172 Verrucae
1146 3096 1379 3172 sunt
1446 3095 1782 3201 partes
1847 3077 2336 3193 globosae,

422 3233 591 3309 aut
673 3221 1360 3335 subglobosae,
1467 3251 1520 3312 e
1612 3218 1982 3311 cellulis
2068 3203 2333 3346 com'-

417 3359 833 3475 positae,
905 3389 1321 3453 succum
1409 3359 2027 3481 peculiarem
2114 3386 2332 3449 non
2455 3365 2458 3368 ’

423 3498 1043 3603 exsudanteS‚
1132 3515 1302 3591 aut
1384 3507 1894 3623 exquisitae,
1970 3510 2139 3587 aut
2195 3529 2330 3588 su*

410 3642 927 3766 perfia-iales,

486 3842 926 3921 Glandulae
989 3844 1224 3942 vulgo
1292 3859 1701 3932 vocantur,
1766 3858 1842 3920 et
1888 3858 2072 3919 sunt
2117 3841 2329 3938 glan-

293 3955 560 4043 dulae,
626 3983 823 4060 quas
883 3982 1243 4035 verrucas
1303 3959 1570 4061 potius
1622 3956 1866 4043 dicas,
1929 3953 2198 4056 quales
2243 3953 2331 4036 in

292 4069 682 4172 Hyperico
751 4096 985 4173 supra
1051 4077 1514 4154 notavimus.
1632 4073 1836 4151 Sunt
1879 4091 2066 4146 vero
2118 4067 2327 4155 aliae,
