2843 4800
543 278 638 358 is
848 364 851 367 ,
1133 236 1138 241 ’
1315 240 1800 351 ΡιΑΝΤΑ.

426 542 433 553 ,
543 473 880 552 milatur.
993 477 1093 551 At
1166 472 1229 549 si
1279 471 1596 553 interno
1647 473 2036 606 principio
2088 498 2381 577 corpus
2429 474 2588 553 for-

538 603 808 665 matur
869 586 1281 675 minerale,
1365 587 1813 687 crystallum
1878 587 2077 667 sistit
2137 588 2590 694 superficie·

535 703 715 781 bus
743 702 998 804 planis
1045 700 1454 778 inclusam.

738 821 836 893 In
897 814 1363 901 animalium
1438 840 1807 917 corpore,
1884 814 2344 918 praesertim
2416 842 2591 918 per-

542 929 958 1019 fectorum,
1005 927 1173 1007 fere
1220 929 1333 1005 nil
1380 929 1714 1030 planum
1760 930 2175 1033 invenitur,
2225 929 2367 1006 sed
2418 954 2592 1005 om·

509 1071 687 1125 :nes
748 1058 1004 1147 partes
1063 1042 1535 1121 rotundatae
1586 1058 1663 1120 et
1712 1044 1932 1144 quasi
1984 1057 2338 1133 tornatae
2387 1058 2590 1120 sunt.

512 1163 846 1240 ‘.1nsecta
908 1158 1438 1262 planiusculas
1511 1158 1944 1243 ostendunt
2018 1173 2305 1260 partes,
2379 1156 2596 1234 foliis

513 1313 526 1349 -2
545 1273 862 1353 similes.
954 1272 1273 1351 Plantae
1321 1285 1579 1374 partes
1624 1271 2067 1360 fulcientes,
2114 1271 2364 1361 radix,
2416 1298 2597 1348 cau-

519 1383 881 1466 ‚lis-cum
928 1386 1169 1461 ramis
1216 1386 1742 1487 ramulisque,
1801 1384 2110 1486 petioli‚
2158 1385 2597 1487 pedunculi

521 1499 1025 1604 ‘plerumque
1090 1498 1664 1602 superficiebus
1725 1500 1982 1575 curvis
2052 1499 2603 1588 includuntur,

551 1628 657 1701 et,
719 1613 786 1689 si
852 1636 1183 1715 quoque
1236 1613 1754 1712 triangulares
1804 1626 1883 1689 et
1929 1612 2602 1715 quadrangulares

547 1725 878 1814 fuerint,
927 1725 1180 1801 lineae
1228 1727 1435 1802 inter
1484 1729 1684 1803 acies
1732 1740 2000 1815 tamen
2048 1726 2171 1802 vix
2229 1753 2599 1831 unquam

547 1854 802 1918 rectae
836 1853 1038 1915 sunt.
1118 1845 1384 1916 Partes
1416 1839 1791 1918 foliaceae
1823 1839 2288 1943 plantarum,
2315 1866 2598 1943 quam-

548 1956 667 2030 vis
727 1953 1007 2054 planae
1058 1951 1448 2043 dicantur,
1509 1955 2270 2058 saepissime.tamen
2320 1978 2597 2055 super·-

550 2067 817 2157 ficiem
864 2066 1164 2143 habent
1208 2067 1396 2145 hinc
1449 2093 1895 2157 convexam,
1924 2068 2114 2143 inde
2147 2092 2597 2163 concavam.

547 2185 1016 2281 Numquam
1064 2205 1251 2257 vero
1306 2206 1476 2259 sese
1522 2182 1726 2265 linea
1774 2195 1984 2265 recta
2029 2196 2292 2269 secant
2321 2206 2600 2283 super-

549 2293 769 2370 'ficies
818 2294 1181 2394 superior
1227 2294 1749 2396 inferiorque,
1812 2293 1954 2369 sed
2015 2319 2327 2397 semper
2388 2294 2599 2369 linea

552 2434 808 2485 curva.
928 2411 1262 2492 Fructus
1337 2423 1413 2485 et
1484 2410 1784 2485 semina
1856 2409 1981 2484 vix
2049 2434 2219 2485 non
2281 2433 2606 2511 semper

551 2524 811 2600 curvis
860 2520 1383 2598 includuntur
1431 2520 2019 2624 superficiebus.

743 2639 1055 2718 Notum
1104 2648 1236 2722 est,
1285 2660 1576 2736 corpus
1622 2636 1709 2711 in
1757 2635 1974 2722 linea,
2011 2652 2216 2720 recta
2274 2652 2605 2715 motum

549 2776 723 2830 uno
771 2763 1084 2829 tantum
1134 2772 1360 2847 egere
1406 2749 1795 2852 impulsu,
1854 2765 2031 2835 tum
2093 2752 2373 2828 eadem
2423 2772 2604 2849 per·-

540 2890 735 2966 ,gere
799 2863 1259 2942 directione.
1369 2865 1684 2966 Corpus
1732 2891 1920 2948 ver-o,
1971 2866 2054 2946 in
2103 2865 2308 2940 linea
2360 2884 2603 2936 curva

536 2996 901 3069 motum,
965 2978 1262 3080 duplici
1322 2978 1606 3060 saltem
1670 2993 1844 3076 eget
1897 2976 2280 3075 impulsu,
2350 2974 2602 3058 altero

546 3121 749 3197 quo
783 3093 1057 3196 pergit
1098 3093 1399 3176 eadem
1432 3091 1892 3175 directione,
1956 3089 2237 3176 altero,
2290 3112 2462 3190 quo
2515 3084 2603 3159 in

546 3210 863 3308 quovis
926 3221 1227 3307 puncto
1326 3202 1867 3284 directionem
1930 3214 2203 3282 mutat.
2350 3194 2606 3296 Quod

542 3318 884 3424 quidem
928 3313 1034 3395 ad
1081 3316 1650 3394 formationem
1699 3315 2244 3412 crystallorum
2295 3328 2376 3391 et
2425 3334 2603 3392 cor-

542 3445 847 3538 porum
897 3431 1480 3531 organicorum
1491 3427 1890 3512 transferri
1913 3445 2201 3531 potest.-
2279 3434 2420 3520 In
2433 3447 2602 3518 cry-

546 3547 788 3676 stallis
832 3546 1281 3626 secundum
1326 3544 1571 3623 lineas
1618 3558 1864 3622 rectas
1913 3541 2395 3629 constructis
2433 3535 2602 3620 sor-

545 3660 819 3739 matio
861 3659 1084 3762 quasi
1147 3659 1492 3736 substitit
1545 3682 1691 3760 per
1749 3660 1987 3747 vices.
2052 3682 2205 3754 nec
2248 3651 2408 3736 nisi
2454 3655 2644 3749 per'

542 3757 940 3862 inertiam,
987 3787 1081 3853 ut
1126 3772 1576 3861 itadicam,
1628 3775 2174 3858 continuaturi
2228 3770 2315 3844 in
2370 3784 2601 3856 prga-

544 3885 742 3965 nicis
802 3912 993 3965 vero
1054 3888 1502 3970 secundum
1561 3886 1810 3970 lineas
1882 3910 2168 3982 curvas
2231 3888 2600 3966 constru-

541 4001 719 4089 estis.
775 4000 1161 4086 formatio
1214 4026 1663 4105 numquam
1729 3997 2202 4088 cessans&
2251 3995 2339 4080 in
2392 4006 2599 4087 quo-
