2843 4800
1070 360 1505 437 CAULIS‘.
2175 363 2315 436 1oe

343 614 351 624 ·
452 557 783 635 Caulem
866 556 1481 635 determinatum
1564 557 1895 655 langius
1969 560 2003 657 ζ
2018 562 2313 660 Isagog.

250 698 318 749 c.
383 676 509 749 XI.
578 673 741 768 17.)
807 672 1011 749 bene
1079 672 1385 749 ca'ulem
1435 685 1691 757 vocat,
1741 672 1902 773 qui·
1935 674 2314 751 inflores

250 786 772 886 fructumque
832 785 1153 875 desinit,
1208 785 1544 863 caulem„
1584 782 2313 876 indeterminatum,

199 902 210 908 ’
254 901 398 1001 qui
452 901 536 973 in
588 899 780 975 folia
834 899 1138 987 desinit,
1188 927 1335 977 nec
1383 902 1467 975 in
1501 899 1807 985 florem,
1843 900 2309 989 fructumve,

254 1013 606 1115 ideoque
684 1013 996 1089 nullum
1058 1017 1294 1091 hahet
1345 1015 1812 1089 extensionis
1861 1015 2315 1101 terminum,

142 1215 153 1223 ·
258 1128 408 1201 nisi
480 1155 722 1229 quem
802 1129 1248 1225 hybernum
1313 1129 1559 1225 frigus
1623 1129 2001 1229 imponit;
2071 1127 2312 1223 hujus

256 1243 706 1343 exemplum
744 1245 1068 1341 praehet
1102 1243 1485 1317 veronica
1525 1241 2071 1339 Chamaedrys,
2099 1243 2313 1317 illius

262 1359 612 1457 exempla
674 1357 1116 1457 frequentia
1182 1373 1401 1441 sunt;
1463 1383 1715 1431 unum
1785 1357 2015 1431 affert
2063 1363 2309 1433 Vero-

258 1471 432 1545 nica
484 1469 918 1567 longisolia.

264 1655 460 1742 103.
592 1651 916 1741 Caulis
982 1655 1349 1739 Filz‘cum
1415 1633 1667 1739 cauli
1723 1653 2307 1769 Monocoty-

387 1791 1044 1879 ledonearum
1130 1791 1469 1877 similis
1559 1805 1733 1889 est,
1799 1795 2311 1879 Muscomm

385 1931 1166 2047 simplicissimus
1270 1927 1732 2027 fibrosus,
1835 1933 2305 2047 Ηεραίίεα-

386 2107 576 2157 rum
630 2069 1202 2167 frondosus,¹
1278 2071 1385 2157 in
1427 2073 2039 2187 Cryptophytis
2093 2075 2307 2159 thal-

382 2215 514 2297 lus
580 2209 710 2299 fit.

456 2380 716 2455 caulis
782 2382 863 2454 in
928 2380 1323 2480 plerisque
1375 2378 1749 2454 Filicihus
1799 2380 2307 2456 brevissimus

266 2507 412 2578 est,
488 2494 650 2568 basi
722 2494 1090 2570 desinens
1156 2496 1242 2568 in
1311 2494 1703 2580 rhizoma,
1772 2494 1991 2594 quod
2043 2510 2307 2572 totum

266 2604 434 2678 fere
486 2608 786 2682 caulem
856 2612 1066 2684 sistit.
1186 2609 1264 2682 Si
1321 2608 1683 2682 accrescit
1733 2610 2141 2682 caudicem
2191 2612 2307 2682 in-

266 2720 740 2796 termedium
806 2722 1110 2798 format.
1244 2726 1335 2796 In
1405 2722 2013 2822 Lycopodiaceis
2075 2748 2307 2796 verus

266 2836 742 2932 conspicitur
808 2838 1082 2920 caulis;
1150 2838 1437 2910 cortice
1489 2862 1653 2908 non
1707 2838 2167 2924 instructus,
2217 2852 2309 2912 ut

264 2948 1236 3044 Monocotyledonearum.

454 3064 800 3160 Lignum
874 3062 1286 3138 fasciculos
1339 3060 1663 3148 format,
1731 3076 1819 3138 ut
1881 3064 1973 3134 in
2017 3068 2305 3136 Mono-

266 3174 834 3270 cotyledoneis,
886 3178 1024 3252 sed
1074 3178 1156 3252 hi
1208 3176 1551 3250 fasciculi
1607 3200 1771 3248 non
1837 3176 2301 3270 cylindracei

262 3304 474 3376 sunt,
548 3290 690 3366 sed
768 3292 1172 3390 explanati,
1252 3306 1327 3366 et
1387 3292 1489 3364 ita
1543 3304 2017 3376 accrescunt,
2079 3306 2171 3366 ut
2219 3292 2303 3366 in

264 3402 586 3476 caudice
638 3406 994 3480 arboreo.
1026 3406 1361 3480 annulos
1395 3402 1743 3478 forment
1775 3406 2301 3502 parenchyma

258 3516 858 3616 intercipientes.
972 3520 1068 3592 Hi
1132 3518 1473 3592 fasciculi
1529 3516 1893 3590 tumulive
1943 3520 2303 3620 undique

260 3632 688 3726 cinguntur
734 3634 1339 3732 parenchymate
1389 3630 1611 3704 fusco
1667 3632 1933 3706 colore
1967 3634 2299 3707 imbuto.

252 3743 637 3820 Fasciculi
690 3745 987 3845 absque
1038 3743 1319 3820 ordine
1366 3743 1600 3845 positi
1652 3742 2035 3824 videntur.

387 3928 394 3934 .
449 3863 920 3934 Muscorum
1004 3856 1243 3933 caulis
1326 3882 1370 3933 e
1450 3857 1669 3934 vasis
1710 3854 2024 3934 fibrosis
2086 3872 2302 3938 totus

256 3985 606 4072 quantus
655 3987 988 4060 constat,
1035 3969 1636 4075 parenchymate
1666 3973 1788 4048 vix
1819 3969 2011 4050 ullo.
2108 3972 2301 4048 Nul-

257 4085 430 4162 lum
531 4085 773 4164 habet
864 4089 1268 4172 corticem,
1362 4084 1758 4165 nullamve
1832 4084 2299 4193 medullam..
2390 4178 2394 4183 ,
