2843 4800
1076 362 1560 437 PLANTA.
1701 455 1711 468 ,
2240 364 2338 438 39

269 563 439 638 lum
489 571 767 634 motus
814 550 1195 652 Hedysari
1256 557 1595 653 gyrantis
1645 574 1725 635 et
1772 557 2327 645 Oscillatoriae,

266 674 411 753 sed
463 697 748 751 omnes
799 684 1091 747 motus·
1118 668 1566 770 plantarum
1619 672 2039 749 directorii.

460 786 851 865 Animalia
930 784 1439 862 sentire'nec
1510 785 1810 890 plantas
1882 782 2039 882 jam
2127 783 2322 863 olim

269 901 719 981 adfirmavit
795 899 1134 997 Jungius
1199 898 1294 997 (l.
1361 900 1470 998 c.)
1536 900 1663 977 eui
1731 898 2066 979 adsentit
2141 899 2321 975 Lin-

266 1042 513 1093 naeus
590 1015 682 1113 (l.
759 1014 889 1112 c.).
1013 1017 1316 1091 Verum
1393 1030 1541 1103 est,
1624 1038 1774 1090 nos
1846 1012 2146 1089 nescire
2221 1036 2319 1089 an

272 1129 495 1211 omni
548 1153 790 1204 sensu
839 1114 1152 1203 careant
1197 1126 1527 1230 plantae,
1581 1143 1659 1204 at
1702 1126 2112 1207 manifesta
2147 1149 2318 1202 sen-

268 1244 592 1321 sationis
668 1243 921 1340 signa,
973 1266 1279 1343 corpus
1331 1241 1672 1317 animale
1720 1242 2064 1318 sentiens
2131 1263 2317 1328 esse,

266 1358 724 1437 luculenter
767 1354 1128 1457 probant,

270 1560 420 1657 25.
542 1553 1014 1647 Actiones
1097 1551 1209 1644 in
1295 1552 1662 1674 plantis
1743 1567 2315 1674 praeterna-

397 1697 763 1788 turales
837 1699 1198 1786 morbos
1275 1693 1888 1811 producunt,
1971 1724 2317 1813 opera-

392 1839 720 1928 tiones
807 1840 1403 1934 alienationes,
1492 1843 1770 1923 actus
1850 1861 2094 1923 vero
2181 1867 2317 1923 oa-

390 1983 835 2068 rz‘atz'oneS.

458 2144 1131 2232 Praeternaturale
1194 2170 1605 2233 vocamus,
1674 2144 1900 2247 quod
1950 2145 2136 2222 alias
2185 2145 2320 2233 ab·¹

264 2289 554 2342 norme
607 2262 930 2348 dicitur,
994 2286 1038 2337 a
1085 2259 1402 2359 vulgato
1456 2259 1813 2363 eorporis
1861 2259 2139 2339 habitu
2185 2259 2320 2337 ab-

258 2381 621 2462 horrens.

458 2492 796 2570 Morbus
845 2504 1102 2591 partes
1149 2488 1468 2565 intimas
1519 2513 1805 2594 easque
1838 2488 2117 2566 intime
2151 2487 2319 2568 affix

271 2608 413 2693 cit,
480 2620 556 2681 et
610 2605 758 2682 nisi
817 2618 1137 2682 sanetur
1197 2604 1296 2680 ad
1346 2618 1693 2682 mortem
1744 2617 1880 2679 aut
1927 2604 2320 2682 universa*

266 2722 474 2805 lem,
549 2731 684 2793 aut
735 2718 1139 2817 partialem
1190 2717 1584 2794 conducit.
1703 2701 2033 2794 Tonum
2081 2717 2321 2814 igitur

264 2823 633 2934 corporis
714 2846 989 2920 mutat,
1074 2845 1152 2906 et
1212 2832 1362 2907 nisi
1436 2831 1951 2934 impediatur,
2034 2830 2317 2916 aufert;

263 2974 435 3050 quo
511 2945 822 3024 sublato
892 2953 1040 3026 'aut
1101 2960 1361 3045 partes
1410 2961 1826 3022 contentae
1877 2958 2321 3045 evaporant,

266 3076 403 3138 aut
475 3064 655 3138 aere
729 3058 1147 3136 accedente
1218 3072 1700 3159 putrescunt,
1821 3059 2028 3134 Hinc
2099 3049 2324 3150 mors¹

262 3176 744 3275 insequitur,
792 3188 932 3250 aut
963 3173 1506 3258 exsiccatione,
1545 3187 1677 3247 aut
1710 3169 2152 3280 putredine,
2188 3182 2320 3246 aut

266 3303 615 3391 utroque
664 3289 892 3386 signo
948 3285 1502 3386 dignoscenda.

462 3402 728 3480 Morbi
777 3402 1137 3504 partiales
1186 3403 1270 3478 in
1318 3400 1603 3503 plantis
1652 3401 1909 3502 multo
1952 3397 2322 3500 frequen-

263 3519 508 3594 tiores
582 3529 802 3603 sunt,
868 3541 957 3591 ac
1027 3517 1113 3592 in
1189 3515 1694 3603 animalibus,
1763 3516 1947 3615 quia
2013 3514 2326 3623 plantae

266 3655 609 3733 corpora
686 3631 1054 3730 organica
1136 3631 1575 3732 composita
1649 3645 1866 3717 sunt,
1944 3644 2021 3705 et
2082 3631 2326 3724 vitam

263 3745 570 3826 habent
613 3745 865 3841 magis
918 3743 1369 3845 dispersam.

461 3859 804 3936 Morbus
878 3882 1196 3934 causam
1267 3858 1601 3960 requirit
1674 3873 2103 3962 externam»,
2177 3879 2322 3932 nec

262 3973 350 4047 in
414 3986 627 4049 statu
691 3972 1023 4048 naturali
1088 3971 1277 4048 oriri
1341 3987 1619 4075 potest.
1733 3972 1891 4049 Sed
1950 3971 2326 4072 proprius

269 4098 390 4160 est
452 4085 817 4187 corporis
865 4086 1214 4173 habitus,
1289 4086 1429 4188 qui
1505 4083 1604 4161 ad
1678 4084 2009 4161 morbos
2084 4085 2331 4161 susci·
