2843 4800
1152 309 1473 387 FLOS.
1994 372 2009 389 .
2188 313 2336 387 255

248 534 522 613 saepe
584 504 1184 606 distinguendae
1248 505 1604 582 bracteae
1663 507 1996 607 primae,
2059 533 2333 586 secun-

288 626 478 714 dae,
524 622 796 701 tertiae
847 635 984 697 etc.
1034 618 1667 709 ramificationis.
1694 635 1787 696 ut
1832 621 1916 696 in
1982 623 2333 700 Scitami-

287 742 493 827 ucis,
561 751 694 814 aut
758 736 1049 813 omissa
1098 757 1292 812 voce
1339 732 1965 824 ramificationiS‚
2014 736 2128 812 br.
2176 739 2332 840 pri-

285 877 497 941 mae,
581 849 978 927 secundae
1044 862 1181 925 etc.
1314 849 1396 925 Si
1460 848 1815 926 bracteae
1862 875 2150 928 vacuae
2200 853 2333 928 ad·-

277 980 503 1054 sunt,
555 965 788 1042 altera
840 963 1160 1039 alteram
1208 960 1667 1038 immediate
1717 962 2068 1055 includit,
2109 982 2207 1042 ut
2246 967 2331 1041 in

286 1082 658 1158 Armeria.

488 1192 914 1290 Singularis
968 1206 1080 1264 est
1130 1192 1617 1266 bractearum
1673 1190 2021 1268 defectus
2055 1196 2135 1266 in
2171 1196 2329 1294 ple-

286 1308 553 1406 risque
620 1306 1041 1382 Cruciseris
1110 1320 1184 1378 et
1244 1304 1579 1380 maxime
1656 1308 2161 1402 irregularem
2213 1312 2329 1384 in-

292 1420 497 1494 dicat
546 1434 1032 1494 structuram.

482 1536 960 1608 Involucmm
1028 1548 1331 1608 constat
1399 1558 1439 1606 e
1505 1534 1831 1608 bracteis
1895 1536 1977 1608 in
2047 1539 2325 1614 orbem
2421 1543 2426 1552 ’

286 1648 580 1748 positiS.
700 1650 1122 1722 Terminus
1188 1676 1226 1722 a
1294 1648 1639 1722 Linnaeo
1693 1650 2043 1746 primum
2095 1654 2327 1728 usita-

286 1778 412 1836 tus
492 1762 732 1858 (Phil.
806 1764 966 1836 bot.
1041 1762 1288 1854 2⁰1.),
1369 1776 1443 1834 et
1519 1762 1611 1834 al)
1689 1764 1811 1850 iis,
1883 1764 2017 1862 qui
2083 1770 2323 1842 secuti

284 1890 466 1950 sunt
516 1878 900 1960 Botanici,
952 1900 1114 1948 non
1170 1890 1535 1948 mutatus

474 1990 870 2065 Involucri
962 1990 1371 2085 singularis
1445 1990 1777 2063 mutatio
1857 2006 1969 2065 est
2049 2000 2327 2095 capula

282 2119 642 2181 constans
714 2129 752 2177 e
804 2105 1132 2177 bracteis
1186 2105 1545 2202 pluribus
1597 2105 1683 2175 in
1739 2107 2013 2179 orbem
2051 2111 2323 2205 positis

280 2219 594 2303 coalitis',
644 2233 826 2315 post
872 2219 1453 2291 florescentiam
1505 2219 1823 2293 tandem
1888 2247 2323 2297 excrescen-

276 2335 504 2407 tibus,
610 2337 854 2431 Saepe
906 2335 1429 2431 pericarpium
1481 2333 1773 2407 format
1823 2339 2201 2433 spurium.

478 2446 784 2543 Cupula
850 2447 1146 2543 integra
1214 2461 1429 2519 extus
1481 2447 1929 2523 rudimenta
1983 2451 2321 2527 bractea-

278 2585 464 2633 rum
528 2575 816 2633 acereta
882 2561 1303 2633 ostendens
1359 2575 1431 2633 et
1483 2561 1809 2657 quidem
1863 2565 2185 2661 simplex
2237 2567 2319 2639 in

282 2679 632 2765 Quercu,
702 2687 832 2746 aut
880 2675 1226 2747 valvacea
1282 2688 1357 2747 et
1407 2673 1733 2771 quidem
1789 2677 2319 2773 quadrivalva-

280 2813 409 2861 cea
460 2787 544 2859 in
596 2791 804 2881 Fago
856 2789 1256 2885 reperitur.

472 2901 776 2999 Cupula
842 2901 1134 2995 integra
1206 2915 1419 2973 extus
1483 2901 1927 2975 rudimenta
1979 2905 2317 2981 bractea-

271 3039 458 3089 rum
521 3026 815 3089 acereta
880 3037 1047 3089 non
1114 3013 1540 3091 ostendens
1588 3013 1917 3113 simplex
1963 3015 2048 3088 in
2101 3020 2317 3092 Taxo

273 3128 770 3229 conspicitur.
883 3130 1089 3203 Cum
1152 3129 1642 3204 bractearum
1694 3126 2144 3205 rudimenta
2195 3156 2318 3207 ac·-

271 3256 478 3319 creta
560 3267 726 3317 non
812 3244 1429 3346 conspiciantur,
1516 3240 1878 3318 'dubitare
1958 3242 2140 3321 licet
2215 3243 2317 3322 de

266 3356 508 3433 hacce
555 3369 795 3456 parte.

465 3467 775 3570 Cupula
846 3466 1200 3548 laciniata
1274 3485 1352 3548 et
1429 3469 1754 3548 foliacea
1835 3470 1921 3546 in
2019 3472 2311 3572 Corylo

267 3583 627 3662 occurrit.
960 3596 972 3608 ’

456 3697 726 3775 Varias
772 3698 1251 3775 mutationes
1286 3698 1501 3775 subit
1533 3700 1837 3800 cupula.
1917 3702 2078 3779 Aut
2106 3725 2312 3776 mar-

263 3810 517 3897 cescit,
566 3811 685 3886 uti
735 3809 1027 3887 folium
1073 3813 1160 3888 in
1213 3814 1526 3912 Corylo,
1581 3828 1715 3890 aut
1765 3811 2186 3888 induratur
2237 3827 2313 3890 et

260 3924 487 4025 quasi
562 3948 857 4000 nucem
939 3928 1347 4004 constituit
1427 3929 1514 4004 in
1582 3932 1904 4023 Quercu
1952 3941 2029 4001 et
2074 3932 2308 4027 FagO.

257 4051 395 4112 aut
441 4038 753 4115 baccata
805 4037 898 4121 fit
945 4040 1029 4115 in
1083 4048 1320 4120 Taxo.
