2843 4800
1066 340 1457 418 RADIX.
1701 291 1706 296 ⁵
2134 335 2276 406 111

422 539 677 618 Radix
740 554 856 617 est
917 538 1408 617 continuatio
1474 533 1747 622 ca'uliS‚
1813 556 2014 632 quae
2061 530 2280 631 plan-

231 670 392 734 tam
439 656 646 732 intra
710 669 1003 733 terram
1065 654 1238 754 figit
1286 653 1644 755 Sprengel
1685 647 1961 724 Anleit.
2007 647 2162 723 Ed.
2211 650 2280 721 2.

222 801 294 873 p
424 827 675 961 Radix
743 897 858 959 est
920 909 1102 986 pars
1163 881 1475 985 plantae
1540 878 1922 955 deorsum
1973 874 2281 952 directa.

236 955 653 1077 W‘lbrand
699 999 1009 1074 Handb.
1059 1003 1124 1073 l.
1167 1026 1242 1098 p.
1294 1000 1409 1071 64.
1741 1013 1751 1025 ’

306 1185 309 1188 ,
423 1112 677 1190 Radix
737 1126 853 1188 est
913 1136 1095 1214 pars
1160 1107 1679 1197 descendenS,
1758 1107 2283 1192 subterranea,

235 1229 701 1329 centripeta,
753 1253 909 1327 qua
958 1227 1222 1327 planta
1269 1223 1613 1300 mediate
1663 1237 1799 1299 aut
1821 1220 2285 1297 immediate

232 1356 484 1419 terrae
533 1339 909 1439 infigitur.
1005 1343 1193 1417 Nees
1244 1338 1551 1415 Hand&
1606 1343 1670 1413 1.
1715 1367 1789 1439 p.
1846 1340 2008 1415 137.

427 1454 1007 1531 Definitionem
1037 1478 1271 1553 supra
1307 1453 1616 1528 allatam
1645 1450 1879 1530 dedi
1858 1476 1939 1525 m
1976 1425 2283 1528 Grund-

238 1572 486 1648 lehren
536 1572 607 1645 d.
659 1570 900 1647 Anat.
956 1598 1026 1646 u.
1076 1556 1451 1672 Physzol.
1477 1569 1547 1642 d.
1601 1567 1752 1669 Pfl.
1796 1595 1871 1667 p.
1926 1569 2118 1642 125.

428 1688 830 1761 Deorsum
896 1683 1197 1770 crescit,
1281 1679 1508 1782 quod
1583 1678 2007 1756 crescendo
2083 1679 2284 1757 inst-a

234 1781 564 1903 planum
611 1797 1108 1876 horizontale
1159 1784 1637 1873 descendere
1686 1794 1980 1868 nititur.

400 1914 680 1994 Radix
745 1913 849 1989 ad
911 1926 1168 2016 partes
1216 1910 1527 2014 plantae
1576 1906 2063 1985 suffultorias
2112 1933 2287 2010 per-

234 2031 448 2107 tinet.

231 2248 380 2337 70.
502 2246 818 2334 Radix
891 2274 1099 2332 vera
1174 2242 1828 2361 componitur
1903 2270 1956 2331 e
2019 2240 2286 2356 ligno

354 2382 813 2476 medium
879 2397 1464 2511 occupante,
1517 2383 2024 2476 ambiente
2074 2399 2289 2473 cor-

360 2527 586 2625 tice,
642 2523 1080 2614 medulla
1141 2525 1417 2614 nulla
1478 2538 1650 2615 aut
1685 2514 2048 2621 *versus
2093 2523 2288 2647 api-

374 2692 602 2756 cem
666 2662 1212 2756 deficiente.
1537 2658 1540 2659 ⁷

434 2831 723 2909 Differt
789 2834 1011 2913 radix
1075 2860 1118 2910 a
1194 2832 1415 2910 caule
1490 2857 1624 2921 e0‚
1701 2832 1929 2935 quod
1985 2834 2070 2908 i'n
2132 2832 2291 2910 hoc

230 2948 591 3029 medulla
652 2973 923 3026 versus
998 2950 1302 3049 apicem
1353 2962 1744 3045 augeatur.
1840 2951 1980 3022 Est
2023 2949 2293 3049 itaque

231 3063 460 3140 radix
517 3088 698 3139 vera
761 3080 942 3164 pars
1005 3063 1329 3165 propria
1392 3086 1436 3136 a
1496 3060 1823 3162 reliquis
1904 3076 2291 3138 structura

237 3175 635 3266 differem,
687 3179 955 3278 spuria
1003 3201 1191 3254 vero
1245 3200 1415 3251 non
1451 3174 1598 3250 nisi
1634 3175 2073 3276 apophyses
2106 3202 2293 3278 pro-

232 3293 898 3393 longationesque
962 3292 1310 3393 reliquae
1373 3291 1682 3392 plantae
1733 3289 1946 3366 sistit.
2042 3291 2295 3368 Radix

231 3406 487 3483 notha
538 3421 725 3482 sunt
771 3406 912 3506 pili
963 3407 1244 3482 radicis
1293 3406 1596 3481 vicibus
1643 3404 2081 3503 fungentes.

141 3589 159 3605 ,
431 3520 797 3609 Modum,
850 3547 1015 3622 quo
1066 3520 1414 3596 medulla
1466 3520 1729 3595 subito
1784 3535 2027 3596 cessat
2056 3522 2142 3596 in
2174 3528 2295 3598 ra-·-

234 3634 449 3721 dice,
492 3632 694 3731 ‘jam
779 3635 1256 3736 Malpighius
1330 3635 1684 3710 exhibuit
1748 3636 2004 3736 (opp.
2065 3640 2145 3710 L.
2211 3639 2293 3710 B.

228 3772 303 3846 p.
361 3750 526 3822 146.
579 3762 627 3822 t.
678 3751 793 3824 30.
843 3747 895 3823 f.
946 3751 1061 3825 48.
1113 3748 1355 3845 119.);
1403 3749 1711 3848 primus
1760 3774 1948 3824 vero
2001 3749 2296 3824 indica-

229 3862 341 3936 vit
414 3861 996 3939 Schmiedelius
1060 3863 1193 3962 (in
1242 3864 1480 3963 Epist.
1534 3862 1631 3937 ad
1683 3867 2107 3937 Burmann.
2157 3863 2295 3940 ad-⁴

227 3970 400 4068 ject.
477 3973 722 4073 hujus
795 3978 994 4053 Dis5.
1065 3975 1165 4052 de
1229 3972 1585 4053 Geraniis
1650 3982 1730 4051 L.
1782 3981 1862 4051 Β.
1916 3980 2125 4051 1759.
2178 3980 2294 4076 4).

229 4091 457 4165 Tum
532 4090 894 4173 Medicus
967 4115 1142 4168 rem
1204 4088 1381 4168 fuse
1446 4091 1808 4193 exposuit
1869 4092 2165 4189 (Beytr.
2233 4118 2294 4166 z.
