2843 4800
1184 334 1511 449 rLos
1608 427 1610 431 ,
2223 370 2375 444 mn
2497 435 2506 443 .

513 580 642 656 Sic
709 582 1039 679 quoque
1102 600 1398 651 corona
1463 574 1811 677 partium
1859 557 2369 646 filiformium

288 680 399 772 'in
487 692 785 769 corolla
860 689 1462 767 Passiflorarum
1530 688 1989 788 conspicua,
2074 697 2207 761 aut
2269 682 2385 761 ad·

309 822 923 911 parasternoneS,
982 818 1116 879 aut
1149 803 1246 879 ad
1281 803 1720 904 parapetala
1755 800 2025 877 referri
2059 811 2337 899 potest.

507 925 1104 997 Parastemones
1222 919 1578 1019 exquisiti
1689 931 1763 992 et
1858 912 2366 1016 polyadelphi

311 1060 691 1136 squamae
736 1016 1033 1110 scilicet
1080 1033 1435 1132 impositi
1485 1032 1991 1164 reperiuntur
2037 1029 2122 1102 in
2182 1031 2367 1103 Par-

308 1150 566 1225 nassia
618 1147 985 1249 palustri.

377 1280 381 1291 ·
507 1263 629 1339 Ad
680 1266 1276 1336 Parastemones
1327 1284 1657 1361 quoque
1704 1256 1977 1334 referri
2028 1273 2367 1359 possunt

311 1378 646 1455 stamina
698 1388 1034 1460 castrata,
1086 1373 1368 1449 sterilia
1425 1389 1560 1451 etc.
1612 1374 1676 1448 si
1729 1373 2059 1449 exterius
2120 1399 2363 1476 appo·-

312 1495 461 1568 sita
522 1489 829 1565 fuerint.
947 1488 1377 1585 Singularis
1443 1487 1745 1563 formae
1796 1503 1982 1569 sunt
2029 1503 2362 1588 paraste—

310 1628 599 1680 mones
677 1603 1163 1706 parantheris
1243 1601 1854 1679 cruciformibus
1935 1603 2022 1678 in
2120 1605 2363 1680 Com-

311 1719 626 1796 melina.

1298 2017 1381 2109 4.
1625 2104 1644 2124 ,

965 2186 1701 2283 STAMINA.

305 2417 510 2509 168.
635 2418 1039 2506 Stamina
1101 2415 1599 2548 sustinent
1646 2411 2010 2531 pollen,
2054 2442 2353 2532 Saepe

432 2553 858 2646 anthera
938 2556 1476 2657 inclusum,
1565 2551 2081 2644 filamento
2177 2556 2382 2645 im-·

427 2696 774 2816 posita.

494 2865 887 2941 Linnaeus
960 2866 1346 2941 terminos
1419 2863 1690 2966 hosce·
1735 2863 2041 2965 primus
2104 2862 2352 2939 intro-

300 2971 527 3053 duxit
599 2979 836 3076 (Phil.
905 2980 1066 3056 bot.
1145 2979 1361 3076 201)
1441 3003 1685 3078 quem
1760 3001 2041 3054 omnes
2103 2978 2349 3052 secuti

303 3106 488 3168 sunt
537 3108 913 3170 auctores.

412 3284 417 3288 ,
497 3209 843 3283 Stamina
914 3209 1335 3309 hypogyna
1406 3161 1823 3308 prodeunt
1882 3230 1927 3281 e
2008 3220 2349 3307 recepta-

193 3323 201 3334 '
298 3319 481 3398 culo
533 3346 675 3396 seu
706 3322 1164 3422 pedunculo
1200 3322 1618 3424 producto.
1713 3318 2128 3398 Interdum
2172 3347 2347 3452 par-

294 3436 443 3510 tim
493 3437 912 3538 hypogyna
963 3450 1175 3525 sunt,
1224 3438 1511 3539 partim
1565 3435 1977 3537 epipetala,
2031 3461 2091 3512 e.
2144 3459 2209 3532 g.
2259 3435 2346 3511 in

297 3550 560 3626 Silene
624 3565 701 3625 et
765 3548 1180 3626 adfinibus
1307 3550 1713 3652 Epipetala
1765 3576 1907 3626 seu
1953 3552 2344 3652 perigyna,

290 3666 409 3741 uti
462 3661 804 3740 .1ussiei1
878 3679 1130 3751 vocat,
1216 3679 1351 3739 aut
1415 3689 1600 3740 cum
1670 3667 1833 3741 basi
1893 3665 2344 3767 petalorum

292 3778 724 3854 cohaerent
814 3780 1446 3879 (sempervivae,
1503 3779 2145 3877 vLeguminosae)
2209 3792 2344 3854 aut

287 3891 582 3967 mediis
648 3892 924 3993 petalis
989 3893 1308 3981 inserta,
1388 3894 1643 3969 rarius
1720 3896 1805 3968 in
1878 3892 2346 3994 polypetalis

289 4005 1131 4105 (Ternstroemiaeeis),
1176 4006 1633 4108 frequenter
1673 4009 1757 4082 in
1793 4008 2341 4108 monopetali5‚

230 4145 245 4222 ἦ·
286 4117 389 4192 ita
448 4133 543 4194 ut
605 4121 965 4199 Ericinae
1031 4136 1106 4199 et
1165 4113 1863 4200 Rhododendreae
1912 4118 2076 4198 fere
2126 4123 2340 4199 solae
