2843 4800
1027 334 2299 412 PLANTA.19

239 537 352 611 vis
401 546 709 637 puncto
764 531 1287 607 continuatur.
1401 531 1806 609 Formatio
1859 555 2294 635 corporum

235 648 899 746 inorganicorum
973 627 1305 747 simplex
1377 646 1641 724 vocari
1719 659 2007 748 potest.
2073 671 2294 748 orga-

237 764 614 840 nicorum
665 758 1130 861 composita.

237 954 390 1045 14.
512 949 927 1042 Plantae
994 976 1435 1067 corpora
1486 954 1849 1069 polaria
1905 963 2160 1042 sunt.
2273 994 2284 1003 ·

439 1131 746 1206 Graeco
791 1125 1183 1201 vocabulo
1227 1126 1480 1215 πῶλος
1526 1125 1815 1203 dicitur
1860 1128 2116 1205 umbo
2165 1152 2297 1205 ro-

238 1256 385 1319 tae.
490 1242 695 1317 Hinc
742 1239 981 1341 polus
1033 1238 1230 1315 coeli
1280 1240 1642 1339 borealiS,
1694 1264 1939 1342 quem
1971 1242 2294 1344 Antiqui

238 1356 511 1433 solum
564 1354 1178 1453 cognoscebant,
1232 1378 1539 1429 nomen
1587 1355 1852 1431 hahet.

439 1469 943 1544 Translatum
993 1481 1107 1542 est
1152 1468 1489 1543 verbum
1540 1446 1641 1544 ad
1691 1469 2025 1545 alterum
2095 1492 2295 1570 quo-

239 1608 409 1685 que
460 1582 655 1657 coeli
700 1583 1241 1682 polum,·tum
1291 1580 1395 1656 ad
1439 1599 1921 1679 magnetem,
1970 1584 2294 1662 tandem

244 1696 353 1773 ad
409 1696 999 1772 electricitatem.

432 1816 527 1888 In
594 1811 717 1885 his
769 1806 1150 1886 omnibus
1196 1806 1567 1909 polaritas
1621 1808 1941 1898 dicitur,
1994 1813 2057 1884 si
2110 1813 2292 1890 loco

236 1925 614 2028 opposito
667 1925 1133 2027 oppositum
1180 1922 1304 2010 fit,
1353 1923 1464 1997 ita
1509 1936 1618 2010 ut,
1670 1921 1731 1996 si
1784 1922 2075 1999 eodem
2109 1925 2294 2001 loco

234 2056 677 2140 utrumque
725 2038 982 2128 fieret,
1032 2037 1151 2113 nil
1199 2035 1661 2113 efficeretur.
1761 2042 1992 2113 Hane
2016 2037 2296 2115 defini-

232 2156 546 2231 tionem
594 2154 851 2256 probe
900 2167 1172 2229 tenere
1224 2165 1572 2253 oportet,
1621 2176 1723 2227 ne
1771 2153 1979 2228 inter
2021 2167 2145 2229 tot
2195 2153 2297 2230 de

232 2268 655 2371 polaritate
705 2267 920 2369 apud
968 2280 1354 2344 nostrates
1402 2268 2295 2369 sennoneS,poia1-itatis

233 2411 420 2461 vera
469 2383 698 2460 notio
749 2395 1033 2482 pereat.

432 2503 548 2573 Ex
593 2498 864 2586 hisce,
919 2520 1125 2598 quae
1174 2494 1547 2582 diximus,
1596 2495 1987 2596 sequrtur,
2038 2496 2292 2571 intem,

235 2612 564 2687 sionem
643 2612 727 2684 in
803 2625 1151 2712 utroque
1229 2608 1472 2685 latere
1554 2633 1878 2710 semper
1955 2608 2294 2684 eandem

238 2748 455 2811 esse,
506 2737 600 2799 ut
649 2723 1177 2801 combinando
1227 2750 1329 2795 z
1379 2750 1428 2799 o
1482 2722 1644 2798 fiat.
2231 2817 2236 2820 -

440 2841 537 2913 In
602 2837 808 2939 polis
874 2837 1071 2915 coeli
1149 2853 1225 2913 et
1286 2837 1594 2930 telluris*
1656 2850 1873 2912 certe
1922 2833 2291 2938 polaritas

235 2968 390 3041 est,
454 2978 646 3028 nam
707 2953 770 3028 si
835 2952 1027 3029 alter
1089 2949 1587 3026 dextrorsum
1649 2963 2050 3036 movetur,
2103 2950 2297 3024 alter

216 3063 707 3168 'oppositum
756 3082 1076 3143 motum
1126 3065 1666 3140 sinistrorsum
1714 3063 1968 3147 habet,
2016 3073 2092 3136 et
2123 3060 2292 3160 chlo

226 3194 517 3255 motus
592 3182 677 3256 in
753 3180 1044 3257 eodem
1103 3194 1403 3312 puncto
1469 3173 1874 3274 conjuncti
1943 3174 2295 3275 quietem

226 3292 795 3395 producerent.
910 3295 1037 3369 Sic
1101 3295 1227 3369 in
1251 3306 1626 3392 magnete
1677 3301 1756 3366 et'
1804 3284 2295 3366 electri-estate

136 3399 145 3402 ’
224 3434 425 3484 vera
478 3433 803 3509 quoque
854 3409 1222 3508 polaritas
1274 3422 1405 3484 est.

436 3525 545 3597 In
582 3519 953 3619 crystallis
1015 3522 1219 3599 hanc
1281 3519 1777 3623 polaritatem
1833 3541 2008 3593 non
2081 3518 2293 3595 vide-

226 3659 463 3722 mUS,
515 3635 666 3710 nisi
717 3634 1167 3739 electricam
1202 3638 1570 3713 habeant
1589 3633 1973 3724 indolem.

433 3752 531 3824 In
588 3749 873 3850 plantis
933 3777 1159 3830 vero
1186 3750 1610 3852 polaritas
1634 3772 1838 3854 sane<
1880 3744 2291 3858 manriksta

224 3880 372 3941 est.
494 3864 759 3940 Caulis
824 3865 1038 3941 enim
1102 3865 1219 3940 uti
1293 3864 1514 3940 radix
1560 3864 1644 3939 in
1694 3887 1961 3952 ramos
2014 3857 2292 3937 dividi·

224 3994 400 4065 tur,
481 3992 557 4053 et
619 4003 809 4053 cum
867 3978 1083 4056 hisce
1144 3978 1387 4054 ramis
1447 4001 1766 4056 sursum
1818 3974 2124 4065 crescit,
2172 3976 2289 4053 uti

225 4091 460 4168 radix
514 4090 919 4169 deorsum.

1577 4212 1629 4281 2
1660 4208 1700 4243 ‘²
