2843 4800
462 257 686 389 'mm
1273 254 1850 383 ramerus

539 506 856 585 miscela
908 519 986 583 et
1029 503 1841 583 conferruminatione
1874 515 2061 580 cum
2093 497 2596 602 integumen-

539 624 639 699 tis
706 620 1229 697 convolutum
1295 631 1427 706 est,
1473 633 1566 695 ut
1611 620 1697 693 in
1744 619 2155 717 Myristica.
2252 620 2595 697 Divisio-

540 761 682 812 nes
728 735 814 809 in
867 736 1166 810 Cocote
1197 719 1549 809 nucilera
1584 758 1627 807 a
1659 732 2121 808 cellularum
2157 732 2593 811 directione

543 849 735 926 oriri
798 847 1186 924 videntur.
1298 847 1417 924 Ab
1486 846 1921 943 embryone
1984 862 2465 925 accrescente
2518 862 2594 924 et

535 962 870 1065 ‘quidem
934 960 1294 1060 ejusdem
1354 958 1963 1056 cotyledonibus
2010 962 2096 1035 in
2148 961 2346 1039 duas
2398 961 2592 1039 divi-

545 1079 760 1155 ditur
805 1077 1215 1180 portiones
1263 1074 1349 1148 in
1397 1077 1834 1175 Fagopyro.

733 1191 982 1267 Color
1038 1189 1534 1291 perispermii
1612 1208 1925 1291 semper
1988 1187 2212 1265 albus
2263 1204 2407 1279 est,
2467 1216 2588 1268 ra-

533 1306 701 1381 rius
748 1302 1052 1391 viridis,
1101 1317 1194 1378 ut
1240 1302 1324 1376 in
1372 1299 1632 1380 Visco.

726 1419 1252 1517 Integumenta
1282 1418 1439 1491 duo
1474 1414 2134 1517 (spermodermia
2171 1414 2273 1492 de
2306 1418 2587 1517 Cand.)

532 1532 656 1606 vix
736 1555 905 1606 non
989 1553 1302 1631 semper
1374 1528 1695 1617 adsunt,
1770 1530 2045 1604 saltem
2125 1530 2209 1603 in
2271 1528 2587 1627 juniore

536 1659 740 1721 statu
792 1659 868 1721 et
918 1659 1095 1720 ante
1142 1632 1790 1720 secundationem
1823 1640 1982 1740 ja'm
2024 1641 2381 1719 distincta
2419 1670 2584 1723 esse

536 1759 1102 1835 demonstravit
1167 1758 1661 1834 Trevi‘ranus.
1782 1758 2394 1857 Integumentum
2455 1790 2582 1836 ex-

532 1877 756 1950 terius
825 1899 866 1949 a
935 1878 1364 1949 Gaertnero
1416 1884 1609 1947 testa
1656 1885 1985 1946 vocatur
2031 1896 2199 1946 non
2248 1872 2511 1963 males
2540 1900 2581 1951 a

529 1986 930 2064 Richardo
996 1986 1626 2086 perispermium.
1750 1983 2042 2061 Colore
2119 1987 2582 2063 obscuriore
2642 2039 2648 2046 -

532 2099 799 2175 differt
861 2100 956 2175 ab
1018 2100 1396 2174 interiore
1473 2099 1938 2174 membrana
2018 2099 2433 2203 pericarpii
2507 2114 2580 2177 et

529 2205 869 2301 semini-s,
919 2227 1095 2288 tum
1148 2227 1475 2312 quoque
1526 2238 1567 2287 a
1607 2213 2211 2315 parenchymate
2247 2214 2597 2312 circum-7

525 2326 737 2404 fusoa
790 2321 922 2402 &In
974 2326 1613 2402 seminerecenti
1659 2325 1885 2403 facile
1918 2326 2265 2403 solvitur.
2367 2332 2575 2406 Con-

526 2452 689 2516 stat⁴
734 2464 777 2514 e
835 2438 1137 2514 'cellulis
1209 2439 1687 2542 plerumque
1760 2442 2265 2539 subglobosis
2348 2468 2574 2545 saepe

522 2552 859 2629 radiatis·
898 2567 993 2645 et·
1020 2554 1350 2643 seriatiS‚
1398 2553 1792 2631 fasciculis
1840 2555 2165 2654 lignosis
2218 2570 2353 2633 aut
2399 2558 2574 2634 nul-

502 2666 651 2756 'lis;
712 2681 846 2744 aut
894 2692 1061 2743 non
1111 2668 1214 2744 ita
1265 2669 1536 2770 paucis
1589 2682 1664 2745 et
1711 2683 1900 2745 tunc
1953 2670 2320 2771 quidem,
2386 2697 2570 2747 cum

520 2783 1156 2880 integumentum
1204 2783 1534 2858 interius
1582 2784 1771 2885 ipsis
1822 2796 2044 2861 caret.
2141 2789 2237 2861 In
2288 2786 2571 2883 germi-

517 2898 839 2971 natione
892 2895 1251 2994 dejicitur
1301 2910 1376 2972 et
1421 2897 1644 2997 perit.

636 3046 641 3053 ·
711 3014 943 3085 Testa
1013 3025 1127 3085 est
1188 3011 1821 3101 membranacea,
1885 3013 2268 3101 'coriacea⁴,
2329 3037 2570 3115 spon-

515 3124 735 3222 giosa
801 3142 945 3200 seu
1006 3123 1374 3222 fungosa,
1445 3151 1801 3215 carnosa,
1866 3128 2212 3216 baccata,
2277 3141 2568 3203 crusta-

516 3261 649 3311 cea
726 3248 802 3311 et
875 3262 1117 3313 ossea.
1250 3238 1722 3338 Superficies
1789 3255 1904 3316 est
1967 3241 2270 3339 glabra,
2334 3240 2566 3316 laevi-
2636 3294 2647 3304 -

513 3361 702 3445 gata,
754 3351 1030 3438 striata,
1084 3350 1517 3440 cancellata,
1569 3376 1863 3449 gyrosa,
1901 3356 2565 3456 striatopunctata,

508 3476 896 3562 punctam,
949 3464 1499 3555 scrobiculata,
1549 3467 2054 3556 tuberculata‚
2106 3469 2221 3545 ala
2273 3467 2562 3566 margi-

509 3590 709 3650 nata.·
817 3575 968 3651 Pili
1018 3577 1180 3652 veri
1232 3593 1449 3664 sunt,
1503 3595 1579 3657 et
1629 3602 1988 3684 quoque,
2040 3584 2179 3684 qui
2228 3582 2602 3660 fascicu-·

507 3689 635 3766 lati
689 3715 1006 3765 comam
1056 3693 1570 3769 constituunt.

646 3810 832 3880 Non
859 3804 1120 3881 solum
1149 3807 1697 3908 pericarpium,
1726 3808 1863 3885 sed
1892 3802 2219 3910 quoque
2245 3810 2557 3906 integu-

499 3921 898 3994 mentain
945 3917 1136 3996 folia
1186 3922 1775 4000 monstrositate
1824 3937 2122 4000 mutata
2157 3922 2353 3998 vidit
2384 3925 2590 3997 Du--

494 4032 804 4108 trochet
826 4034 1128 4132 (Iourn.
1157 4034 1230 4110 d.
1256 4036 1397 4112 Ph.
1426 4041 1515 4112 T.
1540 4040 1657 4114 85.
1681 4063 1756 4139 p.
1781 4040 1945 4114 469.
1974 4042 2064 4113 Τ.
2094 4041 2211 4112 90.
2236 4036 2531 4138 p.2⁰8.)
