2843 4800
805 331 1705 421 P'HYToTRoPIA.
1996 426 2002 439 ,
2140 350 2296 426 467

221 541 487 617 solum
556 539 997 629 exhaurire,
1063 565 1233 618 non
1301 542 1438 630 ita,
1492 567 1696 645 quae
1748 558 1925 619 ante
1976 545 2279 621 semina

220 654 592 731 collectae
642 669 846 733 sunt.
944 658 1043 732 At
1095 680 1136 732 e
1184 654 1548 732 radicum
1585 655 2049 734 conditione
2088 682 2281 760 pen-

219 768 410 846 dere
458 767 774 844 videtur
820 769 1106 845 haecce
1157 769 1306 846 soli
1362 769 1853 870 depravatio,
1921 797 2123 872 quae
2165 774 2280 848 ¹ci-

214 883 373 959 tius
423 882 712 960 lentius
758 897 1385 986 ,putrescunuet
1433 883 1773 961 letamen
1822 887 2279 984 magisrmi-

216 1022 468 1075 nusve
518 998 827 1073 bonum
881 997 1278 1099 praebent.

410 1112 890 1188 Insertiones
943 1125 1018 1187 et
1067 1111 1595 1212 plantationes
1650 1135 2064 1191 ramorum
2115 1115 2275 1193 huc
2321 1192 2326 1202 ,

214 1225 711 1314 referendae,
764 1226 1302 1328 antiquissima
1357 1225 1699 1303 artificia.

213 1427 438 1546 240,
548 1429 932 1517 Stimulis
1000 1428 1382 1517 utimur
1458 1426 1586 1517 ad
1666 1389 2269 1547 promoven-

242 1652 279 1675 „
338 1564 576 1657 dam
635 1568 1389 1683 vegetationem.

404 1740 527 1811 De
575 1734 914 1813 stimulis
962 1735 1120 1834 jam
1169 1762 1406 1837 supra
1460 1736 1763 1813 dictum
1816 1753 1947 1814 est.
2022 1726 2282 1817 Divisi‘

208 1856 398 1925 s'unt
481 1849 568 1923 in
646 1846 1023 1926 *stimulos
1111 1864 1189 1926 et
1274 1853 1934 1928 contrastimulos
2011 1857 2268 1945 jHaec

209 1962 495 2040 divisio
550 1963 649 2040 ad
703 1966 1048 2041 actiones
1098 1964 1619 2065 simpliciores
1668 1966 2048 2066 pertinet,'
2078 1991 2269 2042 con-

205 2077 618 2176 stringitur
652 2081 865 2155 enim
902 2080 1405 2167 .membrana‚
1443 2094 1578 2155 aut
1612 2079 2016 2156 relaxatur.
2058 2142 2065 2148 .
2099 2080 2284 2156 Alia.

210 2218 542 2294 quoque
592 2209 708 2269 est
757 2193 1076 2283 divisio,
1129 2193 1228 2270 ad
1283 2193 1783 2295 operationes
1832 2191 2267 2281 referenda,

208 2305 577 2380 stimulos
641 2305 1127 2404 distinguens
1191 2307 1331 2409 qui
1397 2308 1939 2411 suscipiuntur
1989 2309 2085 2384 ab
2140 2333 2267 2383 or-

207 2419 431 2519 ganis
499 2432 574 2493 et
635 2420 772 2519 qui
838 2434 1341 2519 respuuntun
1468 2423 1831 2499 Tandem
1905 2437 2269 2524 respectu

210 2533 314 2609 ad
379 2547 594 2609 actus
657 2545 846 2606 sunt
918 2530 1258 2618 stimuli,
1328 2533 1468 2632 qui
1537 2535 1635 2609 ad
1701 2551 1962 2611 actum
2018 2562 2264 2638 quen-

209 2648 399 2724 dam
452 2646 810 2735 excitant,
863 2659 998 2721 aut
1047 2645 1149 2721 ad
1199 2658 1464 2720 actum
1517 2648 2023 2724 contrarium.

401 2766 517 2839 Ex
593 2761 717 2837 his
793 2759 1152 2858 augenda
1232 2772 1448 2847 sunt,
1563 2784 1770 2861 quae
1845 2785 2083 2861 supra
2165 2761 2266 2838 de

205 2877 548 2953 stimulis
601 2875 961 2950 diximus,
1419 2873 1424 2880 ’

400 2994 495 3068 In
560 2990 847 3093 plantis
910 2987 1209 3065 stimuli
1275 2983 1373 3063 ad
1428 3001 1692 3063 actum
1743 2987 1942 3063 nulli
1995 2988 2263 3066 viden-

206 3118 374 3191 tur,
427 3105 613 3205 quia
662 3117 1075 3205 systemate
1126 3115 1394 3179 carent
1443 3125 1898 3179 nervorum.

207 3302 413 3395 241.
538 3306 852 3393 Nisum
917 3307 1367 3396 crescendi
1424 3301 1881 3418 augendo
1954 3317 2051 3393 et
2112 3332 2261 3394 re-

328 3442 873 3562 primendo
939 3446 1333 3563 plantas
1392 3456 1925 3533 mutamus,

398 3612 791 3690 Alimenta
876 3614 1335 3716 praesertim
1415 3610 1678 3688 valent
1758 3608 1854 3688 ad
1930 3611 2267 3689 herbam

208 3725 690 3824 augendam;
760 3728 861 3804 ad
926 3727 1164 3805 flores
1213 3725 1680 3828 fructusque
1727 3725 2262 3828 perficiendos

204 3866 443 3942 succo
495 3839 652 3940 jam
703 3857 1165 3944 praeparato
1220 3866 1428 3945 opus
1478 3854 1610 3915 est.
1703 3845 1819 3916 ¹Et
1864 3840 2166 3917 radices
2220 3867 2261 3916 e

205 3957 429 4034 caule
479 3971 975 4045 enascuntur,
1021 3955 1209 4034 hinc
1257 3981 1301 4032 e
1333 3979 1571 4031 succo
1608 3969 2089 4056 praeparato,
2118 3981 2260 4031 nec

207 4093 297 4144 ex
349 4097 480 4161 eo,
536 4098 780 4177 quem
832 4069 1274 4173 suscipiunt
1321 4068 1644 4156 rad‘iceS,
1694 4068 2165 4147 formantur.

1513 4186 1667 4261 30*
