2843 4800
522 296 673 373 370
1248 291 1860 385 QUALITAS.

525 508 606 572 et
664 515 813 592 ego
873 490 1375 570 Marrubium
1436 489 1756 590 vulgare
1801 490 1889 566 in
1935 459 2331 567 Lusitania
2393 489 2588 566 ino-

525 609 824 686 dorum
872 605 1299 688 observavi.
1977 663 1984 668 .

462 935 470 941 ,
526 790 731 935 196.
907 842 1303 958 Sapor-es
1417 838 1996 958 plantarum
2045 846 2050 850 ’
2115 837 2586 956 primarii

649 992 908 1071 sunt:
985 978 1340 1082 dulciS,
1411 976 1797 1081 acidUS,
1884 1005 2328 1081 amal-m,
2412 977 2582 1068 ad-

648 1121 1142 1234 stringens
1207 1146 1276 1208 s,
1340 1130 1829 1219 austerus,
1891 1116 2175 1208 acris

713 1290 1226 1369 Membranae
1289 1301 1369 1365 et
1424 1288 1731 1364 resinae
1778 1310 1951 1363 non
1996 1285 2296 1363 habent
2341 1309 2580 1388 sapo-

527 1428 723 1493 rem,
774 1404 960 1506 quia
1008 1404 1098 1479 in
1146 1427 1288 1479 ore
1335 1426 1507 1478 non
1555 1401 1991 1478 solvuntur.

715 1517 1227 1615 Mueilagines
1284 1515 1604 1592 nullum
1651 1514 1948 1591 habent
1994 1537 2399 1616 saporem,
2444 1528 2582 1590 ut-

522 1646 714 1734 pote
759 1632 1245 1733 principium
1289 1627 1778 1706 indifferens.

721 1750 1106 1848 Saporem
1170 1743 1489 1821 dulcem
1534 1742 1935 1844 principio
1986 1742 2452 1820 saccharino
2498 1758 2579 1820 et

525 1859 845 1937 acidum
894 1857 1135 1936 acidis
1180 1858 1604 1961 proprium
1654 1880 1821 1934 esse
1866 1856 2400 1934 notissimum.

722 1978 976 2074 Sapor
1046 1998 1361 2050 amarus
1424 1970 1817 2073 principio
1885 1971 2300 2048 extractivo
2350 1997 2578 2072 prae·-

524 2088 795 2186 sertim
851 2087 1225 2187 proprius
1291 2100 1424 2162 est.
1521 2083 2016 2185 Principium
2066 2087 2576 2163 exn-activum

527 2225 713 2277 cum
786 2200 1080 2276 salibus
1141 2199 1430 2277 mediis
1494 2198 1932 2298 comparari
1995 2211 2287 2299 potest,
2367 2224 2574 2301 quae

524 2313 975 2415 saepissime
1023 2321 1284 2389 amara
1334 2327 1539 2402 sunt,
1589 2337 1652 2390 e.
1699 2335 1769 2412 g.
1800 2311 1957 2388 kali
1997 2311 2571 2416 sulphurimm,

524 2443 841 2504 nau-um
900 2426 1488 2526 sulphuricum,
1549 2428 1712 2504 calx
1773 2441 1850 2503 et
1907 2427 2308 2526 magnesia
2377 2453 2576 2504 cum

525 2542 795 2619 acidis'
811 2538 1122 2639 junctae
1156 2554 1310 2618 etc.
1411 2542 1632 2617 Sicut
1678 2543 1895 2619 enim
1942 2542 2055 2618 sal
2103 2541 2466 2619 medium
2522 2566 2569 2619 e

525 2654 884 2744 metallo,
967 2654 1504 2733 combustibili
1602 2668 1682 2732 et
1765 2667 2166 2754 oxygeneo
2249 2669 2567 2745 constat,

396 2830 404 2886 ·.
525 2772 635 2846 sic
701 2793 1030 2870 quoque
1095 2771 1599 2846 exn-activum
1662 2794 1709 2847 e
1781 2769 2206 2847 cal-bonico
2272 2770 2571 2869 hydro-
2686 2841 2691 2844 .

524 2906 778 2982 geneo
830 2896 909 2958 et
956 2906 1381 2981 oxygeneo.

719 3001 976 3099 Sapor
1020 2997 1511 3099 adstringens
1556 2997 1644 3073 in
1674 2996 2191 3074 mineralibus
2221 3010 2574 3074 tantum-

521 3111 778 3190 modo
858 3112 947 3187 in
1010 3111 1304 3191 salibus
1363 3110 1653 3189 mediis
1715 3111 2079 3201 sentitur,
2162 3136 2369 3212 quae
2418 3112 2570 3188 aci-

526 3225 726 3302 dum
774 3225 874 3302 in
936 3248 1254 3302 excessu
1302 3224 1742 3314 continent,
1795 3250 1857 3302 e.
1905 3248 1975 3324 g.
2027 3225 2367 3313 alumen,
2415 3224 2570 3302 fer-

524 3364 710 3415 rum
771 3339 1319 3442 sulphuricum
1338 3399 1357 3428 ,
1423 3363 1763 3439 cuprum
1822 3338 2376 3442 sulphuricum
2427 3354 2565 3416 etc.

526 3456 737 3533 Cum
783 3453 909 3533 his
959 3453 1397 3551 comparari
1430 3466 1691 3556 potest
1721 3452 2195 3555 principium
2234 3451 2566 3529 adstrin-

525 3591 714 3667 gens
791 3565 1383 3664 vegetabilium,
1466 3566 1693 3669 quod
1774 3565 2092 3643 acidum
2172 3566 2411 3645 habet
2481 3564 2564 3642 in

525 3705 874 3769 excessu,
923 3702 1111 3755 nam
1162 3704 1346 3756 cum
1392 3681 1619 3768 terris
1667 3695 1746 3756 et
1793 3677 2292 3756 combinatur
2341 3695 2419 3756 et
2450 3682 2566 3759 in-

522 3796 794 3873 fusum
840 3798 1199 3873 Lacmus·
1224 3794 1473 3871 rubro
1521 3795 1752 3894 tingit
1797 3795 2095 3882 colore,
2139 3808 2315 3870 tum
2362 3821 2569 3896 quo-

525 3929 682 4009 que
749 3906 1261 3985 carbonicum
1323 3922 1401 3984 et
1456 3908 2092 4007 hydrogeneum,
2151 3923 2567 4011 tamquam

520 4022 955 4100 metallum.
982 4034 1061 4099 et
1098 4022 1668 4101 :combustibile
1717 4022 2081 4105 eontinet.
2535 4046 2544 4053 ·
