2843 4800
1533 258 1575 274 φ

889 352 1790 431 INTEGUMENTA.
2206 362 2354 436 229

302 548 674 678 superior
733 548 955 650 poris
1018 562 1285 625 careat.
1395 554 1492 626 In
1550 554 1766 630 Pinis
1826 579 2139 657 semper
2181 554 2348 633 fere

301 662 626 739 materia
694 685 1070 760 grumosa
1136 663 1466 741 obtecta
1513 683 1724 743 sunt
1782 669 1982 746 haec
2035 693 2344 768 organa,

304 798 506 878 quae
558 801 757 876 aqua
813 775 1055 851 calida
1104 775 1396 878 liquata
1446 778 1669 856 facile
1720 798 2133 913 separatur.
2244 786 2346 858 Et

182 966 187 973 ,
298 892 383 965 in
452 890 617 966 aliis
683 886 1074 985 ejusmodi
1124 893 1463 967 >materia
1528 896 1898 994 imposita
1964 898 2339 996 conspici-

298 1018 460 1091 tur,
521 1005 810 1078 rimam
876 1001 1219 1079 clausam
1270 1005 1544 1080 sistens
1596 1006 1706 1103 (v.
1758 1009 1880 1105 s·.).
1978 1012 2117 1101 His
2165 1035 2339 1111 per-

303 1118 587 1194 ductus
635 1116 1049 1192 secretioni
1102 1132 1179 1193 et
1229 1119 1644 1194 excretioni
1698 1119 1943 1197 dicata
1995 1147 2159 1198 esse
2211 1149 2338 1199 or·

298 1256 494 1329 gana
543 1256 710 1307 non
763 1230 1050 1307 dubito
1099 1229 1288 1329 (cfr.
1337 1235 1776 1333 Nachtrage
1805 1259 1877 1312 z
1902 1235 1974 1311 d.
2019 1235 2335 1314 Grund-

296 1346 573 1423 lehren
622 1351 689 1423 l.
735 1371 809 1446 p.
865 1345 1049 1442 34..)

301 1620 505 1711 136.
639 1621 1123 1711 Glandulae
1210 1627 1686 1740 impressae
1778 1622 2043 1715 intra
2137 1622 2330 1742 epi-

421 1757 984 1850 dermidem
1074 1761 1510 1852 latentes.
1596 1790 2009 1854 succum
2097 1763 2332 1855 resi-

413 1930 783 1992 nosum
854 1898 1330 2005 fundunt,
1418 1901 1710 1991 fovea
1801 1930 2095 2022 saepe
2177 1932 2326 1993 ex-

413 2055 845 2162 ceptum.

484 2248 925 2325 Glandulae
1011 2247 1113 2324 de
1207 2248 1501 2348 quibus
1591 2273 1806 2325 nunc
1895 2249 2325 2351 loquimur,

286 2362 775 2467 ‘compositae
849 2376 1035 2438 sunt
1096 2386 1140 2439 e
1202 2362 1499 2438 cellulis
1565 2364 1985 2463 aggregatis
2052 2389 2093 2441 a
2142 2365 2324 2441 vici-

290 2479 414 2552 nis
444 2476 988 2576 magnitudine
1022 2475 1660 2577 discrepantibus.
1757 2484 1967 2556 Intra
2019 2478 2323 2581 epider-

289 2590 594 2667 midem
684 2590 1158 2692 plerumque
1255 2590 1657 2668 demersae
1739 2608 1954 2680 sunt,
2047 2594 2151 2669 ita
2231 2607 2323 2668 ut

287 2732 522 2809 parva
581 2703 807 2779 fovea
869 2703 1016 2780 hac
1078 2704 1577 2782 demersione
1638 2705 1952 2781 oriatur.
2076 2710 2321 2805 Saepe

286 2819 490 2896 vallo
544 2819 964 2916 cinguntur
1009 2819 1257 2916 magis
1305 2821 1667 2896 minusve
1717 2819 2043 2906 elevato,
2095 2842 2137 2893 e
2171 2818 2320 2896 cel-

287 2933 468 3010 lulis
533 2946 935 3010 constante
991 2933 1403 3033 pigmento
1469 2931 1944 3007 viridissimo
1994 2929 2317 3019 refertiS,

290 3073 453 3149 quo
517 3047 721 3123 vallo
785 3044 1011 3122 fovea
1074 3060 1419 3143 augetur.
1531 3043 1852 3143 Repleta
1920 3058 2033 3119 est
2092 3042 2317 3120 fovea

289 3186 523 3237 succo
573 3161 928 3236 resinoso
980 3158 1235 3235 fluido
1289 3173 1425 3236 aut
1467 3158 1753 3244 tenaci,
1801 3182 2114 3258 semper
2157 3157 2321 3259 pel-

284 3272 576 3360 lucido.
679 3277 1160 3374 Frequentes
1220 3288 1405 3349 sunt
1467 3270 1931 3371 hujusmodi
1990 3270 2318 3369 glandu-

282 3387 406 3463 lae
469 3387 555 3461 in
616 3388 979 3465 Rutaceis
1045 3402 1120 3464 et
1172 3387 1581 3484 Myrtaceis
1641 3385 1968 3488 aliisque
2013 3386 2314 3487 plantis,

287 3525 349 3576 e.
399 3523 474 3598 g..
517 3501 904 3601 Hyperico
958 3516 1093 3577 etc.
1142 3501 1344 3576 vallo
1395 3501 1741 3576 maximo
1792 3500 2198 3597 insignitae
2229 3502 2314 3574 in

284 3614 638 3713 germine
697 3617 950 3695 Rutae
1011 3630 1088 3691 et
1142 3614 1245 3706 in*
1290 3612 1511 3691 foliis
1565 3618 1817 3691 Rutae
1877 3614 2312 3690 tubercula-

282 3742 429 3814 tae.
535 3731 629 3803 In
693 3728 1023 3825 Thymis
1072 3727 1402 3829 aliisque
1449 3754 1489 3803 a
1539 3725 1787 3804 foveis
1833 3730 1999 3805 istis
2046 3752 2312 3828 super·

281 3840 498 3919 ficies
544 3855 912 3943 punctata
962 3854 1301 3943 apparet.
1392 3843 1722 3944 Cryptae
1771 3866 2110 3943 quarum
2150 3839 2312 3938 (66)

280 3954 587 4033 mentio
663 3952 860 4033 facta
935 3969 1085 4044 est„
1164 3954 1259 4032 ab
1318 3954 1542 4034 hisce·
1595 3953 1984 4056 glandulis
2028 3979 2329 4055 parum

286 4065 703 4154 differunt;
787 4068 993 4145 intra
1081 4083 1530 4156 contextum
1613 4067 2079 4158 eellulosum
2161 4068 2315 4145 dis⁴
