2843 4800
1109 357 1549 433 CAUL154
1961 367 1970 376 ‘
2110 401 2114 407 ·
2215 365 2351 438 167

287 586 379 658 p„
420 560 535 630 11.
584 555 702 630 20.
752 554 867 628 24.
887 552 939 647 ).
1018 555 1177 629 Est
1226 568 1304 629 et
1351 552 1498 629 alia
1551 553 2018 654 polycladia,
2082 556 2351 633 minus

290 697 335 745 a
401 667 628 744 solita
694 664 953 740 forma
1021 666 1426 753 recedenS,
1518 691 1708 746 cum
1768 667 1978 767 spica
2043 671 2347 746 Grami-

288 809 493 859 num
567 803 881 856 ramosa
964 777 1086 866 fit,
1162 795 1299 856 aut
1365 781 1667 856 horum
1743 779 1999 857 caules
2065 780 2342 880 majori

289 896 519 998 copia
584 892 1066 994 proveniunt
1139 894 1523 992 (Jiigerl.
1575 920 1636 969 c.
1685 922 1758 995 p.
1808 897 1994 992 23).
2096 896 2344 997 Copia

287 1012 589 1088 florum
628 1006 930 1093 nimia,
1001 1032 1350 1106 quorum
1417 1007 1631 1109 apud
1692 1013 2075 1096 Auctores
2122 1034 2344 1085 men-

288 1126 399 1201 tio
452 1121 591 1211 fit,
625 1119 1075 1221 saepissime
1126 1148 1168 1198 a
1221 1121 1442 1196 caule
1492 1120 1811 1198 fasciato
1866 1122 2136 1199 oritur.

479 1236 885 1314 Exostosis
980 1249 1151 1323 est„
1211 1260 1397 1311 cum
1471 1262 1739 1312 ramus
1815 1261 2341 1338 prorumpere

290 1353 598 1437 nititur,
657 1346 799 1423 sed
868 1371 1034 1423 non
1100 1349 1461 1447 emergit,
1524 1350 1628 1426 ita
1678 1364 1947 1430 tamen
1996 1364 2087 1425 ut
2134 1375 2338 1425 nova

289 1465 475 1563 ligni
551 1476 782 1540 strata
857 1462 1158 1537 circum
1237 1463 1536 1563 ipsum,
1617 1464 1976 1564 quamvis
2040 1464 2338 1561 irregu-

288 1579 423 1656 lari
488 1576 671 1652 satis
732 1575 984 1652 modo
1048 1577 1650 1654 accumulentur
1722 1576 2154 1678 (Adanson
2196 1582 2336 1654 Fa-

282 1692 470 1770 mill.
539 1691 612 1766 d.
673 1688 906 1789 plant.
974 1693 1062 1765 T.
1128 1695 1192 1764 1.
1258 1717 1332 1791 p.
1392 1690 1579 1786 50.)
1697 1690 2014 1766 Cortice
2074 1716 2333 1772 crasso

287 1807 621 1880 obtecta*
662 1827 830 1879 esse
911 1804 1129 1881 solet.
1249 1804 1483 1880 Fabri
1557 1803 1864 1901 lignarii
1935 1802 2330 1901 ejusmodi

285 1920 582 2017 lignum
635 1917 1123 2019 praeferunt,
1200 1917 1305 1991 ob
1375 1915 1750 1992 duritiem
1816 1930 1893 1992 et
1954 1919 2327 1993 colorem.

282 2035 403 2108 Fit
478 2033 899 2133 praecipue
981 2032 1067 2104 in
1149 2031 1569 2106 arboribus
1666 2035 1845 2107 aere
1943 2031 2325 2132 expositis.

282 2151 461 2222 Non
538 2171 719 2222 raro
794 2145 1385 2244 protuberantia
1462 2145 1607 2221 ista
1686 2143 2009 2221 tandem
2059 2170 2326 2221 ramos

244 2261 666 2372 ‘plurimos
743 2273 818 2334 et
879 2258 1202 2354 graciles
1265 2258 1602 2359 profert,
1671 2273 1747 2335 et
1794 2258 2322 2360 polycladiam

281 2376 600 2452 inducit.

282 2604 458 2690 102
484 2603 560 2687 b.
644 2595 970 2688 Caulis
1039 2608 1312 2686 extra
1364 2610 1745 2686 terram
1799 2574 2120 2686 rar-ius
2178 2634 2317 2688 ra—

280 2772 285 2777 ·
393 2742 701 2827 dicans
775 2754 950 2837 est,
1026 2734 1532 2824 rarissime
1607 2739 2035 2853 aphyllzw,
2116 2765 2316 2825 sae-

274 2990 279 2997 ἱ
393 2878 616 2995 pius
652 2872 927 2994 folia
1009 2879 1395 2963 alienata
1488 2873 1919 2991 profert,
2017 2874 2313 2964 inter—

270 3004 288 3021 r
394 3016 637 3106 dum
668 3022 1036 3105 sterilis.

458 3188 588 3261 De·
624 3183 1001 3260 radiculis
1050 3208 1284 3284 supra
1321 3181 1623 3257 dictum
1660 3198 1791 3258 est.
1892 3186 2094 3259 Sunt
2135 3207 2314 3257 cau-

268 3300 384 3374 les
433 3299 887 3383 radicantes,
935 3288 1092 3398 'qui
1158 3297 1546 3374 radiculas
1595 3297 1708 3372 sic
1758 3295 1999 3373 dictas
2051 3300 2312 3374 aereas

265 3413 720 3515 proferunt,
785 3426 970 3487 sunt
1034 3428 1384 3513 repentae,
1452 3412 1590 3512 qui
1642 3426 1810 3488 non
1863 3412 2013 3493 nisi
2062 3427 2310 3501 terrae

261 3528 846 3614 incumbenteS,
907 3525 1207 3601 radices
1275 3541 1533 3625 agunt.
1642 3526 1764 3601 Illi
1829 3525 2307 3626 quibusdam

260 3641 698 3741 speciebuS,
746 3640 1327 3739 generibusque
1371 3640 1672 3739 proprii
1708 3655 1911 3727 sunt,
1942 3638 2307 3741 frequen·

260 3756 505 3832 tiores
577 3771 841 3831 tamen
919 3754 1004 3828 in
1070 3753 1532 3850 regionibus
1601 3752 2145 3840 calidioribus,
2219 3755 2301 3828 hi

259 3870 670 3958 oriuntur,
735 3869 802 3944 si
877 3867 1136 3944 caules
1187 3881 1322 3943 aut
1370 3881 1679 3954 natura,
1744 3881 1879 3942 aut
1928 3864 2121 3953 arte,
2174 3883 2306 3944 aut

259 4009 447 4059 casu
508 3985 1060 4084 procumbant.
1172 3985 1263 4058 In
1315 3981 1798 4080 quibusdam
1846 3979 2145 4058 radices
2193 3981 2303 4059 fa-

258 4097 488 4172 cilius
544 4098 944 4186 oriuntur,
1011 4123 1097 4174 ac
1161 4097 1245 4170 in
1298 4095 1463 4171 aliis
1514 4111 1590 4172 et
1639 4121 1869 4198 saepe
1918 4119 2121 4196 opus
2172 4112 2300 4186 est,
