<?xml version="1.0" encoding="UTF-8"?>
<!DOCTYPE html PUBLIC "-//W3C//DTD XHTML 1.0 Transitional//EN"
    "http://www.w3.org/TR/xhtml1/DTD/xhtml1-transitional.dtd">
<html xmlns="http://www.w3.org/1999/xhtml" xml:lang="en" lang="en">
 <head>
  <title>
</title>
<meta http-equiv="Content-Type" content="text/html;charset=utf-8" />
  <meta name='ocr-system' content='tesseract 3.04.00' />
  <meta name='ocr-capabilities' content='ocr_page ocr_carea ocr_par ocr_line ocrx_word'/>
</head>
<body>
  <div class='ocr_page' id='page_1' title='image "./elementaphiloso01linkgoog_0258.png"; bbox 0 0 2843 4800; ppageno 0'>
   <div class='ocr_carea' id='block_1_1' title="bbox 384 319 1716 409">
    <p class='ocr_par' dir='ltr' id='par_1_1' title="bbox 384 319 1716 409">
     <span class='ocr_line' id='line_1_1' title="bbox 384 319 1716 409; baseline -0.003 -11"><span class='ocrx_word' id='word_1_1' title='bbox 384 335 389 345; x_wconf 70' lang='lat'><strong>⁴</strong></span> <span class='ocrx_word' id='word_1_2' title='bbox 525 321 675 397; x_wconf 76' lang='lat'><strong>25⁰</strong></span> <span class='ocrx_word' id='word_1_3' title='bbox 1388 319 1716 409; x_wconf 77' lang='lat' dir='ltr'><strong>FLOS.</strong></span> 
     </span>
    </p>
   </div>
   <div class='ocr_carea' id='block_1_2' title="bbox 507 510 2596 3812">
    <p class='ocr_par' dir='ltr' id='par_1_2' title="bbox 520 510 2576 1053">
     <span class='ocr_line' id='line_1_2' title="bbox 721 510 2576 608; baseline 0 -13"><span class='ocrx_word' id='word_1_4' title='bbox 721 519 931 596; x_wconf 88' lang='lat' dir='ltr'><strong>Cum</strong></span> <span class='ocrx_word' id='word_1_5' title='bbox 989 514 1292 594; x_wconf 88' lang='lat' dir='ltr'><strong>fructus</strong></span> <span class='ocrx_word' id='word_1_6' title='bbox 1353 517 1837 608; x_wconf 81' lang='lat' dir='ltr'><strong>maturescit,</strong></span> <span class='ocrx_word' id='word_1_7' title='bbox 1899 518 2304 595; x_wconf 87' lang='lat' dir='ltr'><strong>interdum</strong></span> <span class='ocrx_word' id='word_1_8' title='bbox 2355 510 2576 604; x_wconf 79' lang='lat' dir='ltr'><strong>,colo-</strong></span> 
     </span>
     <span class='ocr_line' id='line_1_3' title="bbox 524 633 2575 741; baseline 0 -34"><span class='ocrx_word' id='word_1_9' title='bbox 524 657 698 708; x_wconf 85' lang='lat' dir='ltr'><strong>rem</strong></span> <span class='ocrx_word' id='word_1_10' title='bbox 760 645 1016 707; x_wconf 87' lang='lat' dir='ltr'><strong>mutat</strong></span> <span class='ocrx_word' id='word_1_11' title='bbox 1089 646 1165 708; x_wconf 93' lang='lat' dir='ltr'><strong>et</strong></span> <span class='ocrx_word' id='word_1_12' title='bbox 1228 633 1495 734; x_wconf 87' lang='lat' dir='ltr'><strong>potius</strong></span> <span class='ocrx_word' id='word_1_13' title='bbox 1558 648 1918 741; x_wconf 79' lang='lat' dir='ltr'><strong>augetur,</strong></span> <span class='ocrx_word' id='word_1_14' title='bbox 1972 658 2214 736; x_wconf 87' lang='lat' dir='ltr'><strong>quam</strong></span> <span class='ocrx_word' id='word_1_15' title='bbox 2265 646 2575 709; x_wconf 84' lang='lat' dir='ltr'><strong>contra-</strong></span> 
     </span>
     <span class='ocr_line' id='line_1_4' title="bbox 522 745 2573 844; baseline -0.001 -22"><span class='ocrx_word' id='word_1_16' title='bbox 522 747 743 822; x_wconf 87' lang='lat' dir='ltr'><strong>hitur</strong></span> <span class='ocrx_word' id='word_1_17' title='bbox 791 745 1181 844; x_wconf 87' lang='lat' dir='ltr'><strong>(Physalis</strong></span> <span class='ocrx_word' id='word_1_18' title='bbox 1230 746 1657 844; x_wconf 85' lang='lat' dir='ltr'><strong>Alkekengi</strong></span> <span class='ocrx_word' id='word_1_19' title='bbox 1675 747 1727 844; x_wconf 95' lang='lat'><strong>).</strong></span> <span class='ocrx_word' id='word_1_20' title='bbox 1840 747 2275 840; x_wconf 82' lang='lat' dir='ltr'><strong>Interdum</strong></span> <span class='ocrx_word' id='word_1_21' title='bbox 2301 747 2573 821; x_wconf 87' lang='lat' dir='ltr'><strong>bacca-</strong></span> 
     </span>
     <span class='ocr_line' id='line_1_5' title="bbox 521 857 2576 963; baseline -0 -28"><span class='ocrx_word' id='word_1_22' title='bbox 521 873 650 935; x_wconf 91' lang='lat' dir='ltr'><strong>tus</strong></span> <span class='ocrx_word' id='word_1_23' title='bbox 724 858 843 948; x_wconf 90' lang='lat' dir='ltr'><strong>fit,</strong></span> <span class='ocrx_word' id='word_1_24' title='bbox 909 857 1131 957; x_wconf 90' lang='lat' dir='ltr'><strong>cujus</strong></span> <span class='ocrx_word' id='word_1_25' title='bbox 1191 859 1690 939; x_wconf 89' lang='lat' dir='ltr'><strong>luculentum</strong></span> <span class='ocrx_word' id='word_1_26' title='bbox 1752 862 2200 963; x_wconf 89' lang='lat' dir='ltr'><strong>exemplum</strong></span> <span class='ocrx_word' id='word_1_27' title='bbox 2248 860 2576 962; x_wconf 80' lang='lat' dir='ltr'><strong>praebet</strong></span> 
     </span>
     <span class='ocr_line' id='line_1_6' title="bbox 520 972 1604 1053; baseline -0.003 0"><span class='ocrx_word' id='word_1_28' title='bbox 520 973 1051 1053; x_wconf 82' lang='lat' dir='ltr'><strong>Anacardium</strong></span> <span class='ocrx_word' id='word_1_29' title='bbox 1103 972 1604 1050; x_wconf 87' lang='lat' dir='ltr'><strong>occidentale.</strong></span> 
     </span>
    </p>

    <p class='ocr_par' dir='ltr' id='par_1_3' title="bbox 521 1084 2570 1415">
     <span class='ocr_line' id='line_1_7' title="bbox 713 1084 2570 1164; baseline -0.002 0"><span class='ocrx_word' id='word_1_30' title='bbox 713 1087 1127 1164; x_wconf 78' lang='lat' dir='ltr'><strong>Interdum</strong></span> <span class='ocrx_word' id='word_1_31' title='bbox 1199 1101 1552 1162; x_wconf 81' lang='lat' dir='ltr'><strong>teneram</strong></span> <span class='ocrx_word' id='word_1_32' title='bbox 1625 1088 2139 1164; x_wconf 82' lang='lat' dir='ltr'><strong>substantiam</strong></span> <span class='ocrx_word' id='word_1_33' title='bbox 2224 1084 2570 1163; x_wconf 83' lang='lat' dir='ltr'><strong>corollae</strong></span> 
     </span>
     <span class='ocr_line' id='line_1_8' title="bbox 523 1199 2566 1305; baseline -0 -29"><span class='ocrx_word' id='word_1_34' title='bbox 523 1214 601 1276; x_wconf 89' lang='lat' dir='ltr'><strong>et</strong></span> <span class='ocrx_word' id='word_1_35' title='bbox 649 1201 1004 1277; x_wconf 90' lang='lat' dir='ltr'><strong>colorem</strong></span> <span class='ocrx_word' id='word_1_36' title='bbox 1049 1201 1419 1289; x_wconf 83' lang='lat' dir='ltr'><strong>imitatur,</strong></span> <span class='ocrx_word' id='word_1_37' title='bbox 1464 1202 1939 1279; x_wconf 85' lang='lat' dir='ltr'><strong>inconstanti</strong></span> <span class='ocrx_word' id='word_1_38' title='bbox 1990 1217 2255 1305; x_wconf 84' lang='lat' dir='ltr'><strong>tamen</strong></span> <span class='ocrx_word' id='word_1_39' title='bbox 2287 1199 2566 1286; x_wconf 79' lang='lat' dir='ltr'><strong>modo,</strong></span> 
     </span>
     <span class='ocr_line' id='line_1_9' title="bbox 521 1314 2401 1415; baseline -0.002 -24"><span class='ocrx_word' id='word_1_40' title='bbox 521 1315 748 1415; x_wconf 90' lang='lat' dir='ltr'><strong>quod</strong></span> <span class='ocrx_word' id='word_1_41' title='bbox 797 1316 882 1390; x_wconf 90' lang='lat' dir='ltr'><strong>in</strong></span> <span class='ocrx_word' id='word_1_42' title='bbox 931 1314 1370 1413; x_wconf 87' lang='lat' dir='ltr'><strong>Hyacintho</strong></span> <span class='ocrx_word' id='word_1_43' title='bbox 1428 1316 1785 1393; x_wconf 83' lang='lat' dir='ltr'><strong>orientali</strong></span> <span class='ocrx_word' id='word_1_44' title='bbox 1839 1341 2156 1392; x_wconf 88' lang='lat' dir='ltr'><strong>cernere</strong></span> <span class='ocrx_word' id='word_1_45' title='bbox 2203 1315 2401 1389; x_wconf 88' lang='lat' dir='ltr'><strong>licet.</strong></span> 
     </span>
    </p>

    <p class='ocr_par' dir='ltr' id='par_1_4' title="bbox 512 1427 2596 2442">
     <span class='ocr_line' id='line_1_10' title="bbox 588 1427 2565 1530; baseline -0.003 -25"><span class='ocrx_word' id='word_1_46' title='bbox 588 1466 647 1485; x_wconf 87' lang='lat'><strong>·-</strong></span> <span class='ocrx_word' id='word_1_47' title='bbox 716 1429 1126 1528; x_wconf 85' lang='lat' dir='ltr'><strong>Singulare</strong></span> <span class='ocrx_word' id='word_1_48' title='bbox 1198 1443 1342 1516; x_wconf 91' lang='lat' dir='ltr'><strong>est,</strong></span> <span class='ocrx_word' id='word_1_49' title='bbox 1414 1428 1964 1530; x_wconf 88' lang='lat' dir='ltr'><strong>pedunculum</strong></span> <span class='ocrx_word' id='word_1_50' title='bbox 2038 1443 2221 1530; x_wconf 90' lang='lat' dir='ltr'><strong>post</strong></span> <span class='ocrx_word' id='word_1_51' title='bbox 2289 1427 2565 1504; x_wconf 89' lang='lat' dir='ltr'><strong>flores-</strong></span> 
     </span>
     <span class='ocr_line' id='line_1_11' title="bbox 521 1541 2564 1640; baseline -0.002 -21"><span class='ocrx_word' id='word_1_52' title='bbox 521 1544 860 1619; x_wconf 88' lang='lat' dir='ltr'><strong>centiam</strong></span> <span class='ocrx_word' id='word_1_53' title='bbox 924 1542 1307 1640; x_wconf 86' lang='lat' dir='ltr'><strong>elongari,</strong></span> <span class='ocrx_word' id='word_1_54' title='bbox 1374 1556 1662 1619; x_wconf 91' lang='lat' dir='ltr'><strong>terram</strong></span> <span class='ocrx_word' id='word_1_55' title='bbox 1738 1546 2026 1620; x_wconf 89' lang='lat' dir='ltr'><strong>intrare</strong></span> <span class='ocrx_word' id='word_1_56' title='bbox 2077 1557 2155 1619; x_wconf 91' lang='lat' dir='ltr'><strong>et</strong></span> <span class='ocrx_word' id='word_1_57' title='bbox 2197 1543 2399 1617; x_wconf 86' lang='lat' dir='ltr'><strong>intra</strong></span> <span class='ocrx_word' id='word_1_58' title='bbox 2448 1541 2564 1640; x_wconf 83' lang='lat' dir='ltr'><strong>ip-</strong></span> 
     </span>
     <span class='ocr_line' id='line_1_12' title="bbox 519 1655 2562 1759; baseline -0.003 -25"><span class='ocrx_word' id='word_1_59' title='bbox 519 1683 688 1734; x_wconf 87' lang='lat' dir='ltr'><strong>sam</strong></span> <span class='ocrx_word' id='word_1_60' title='bbox 742 1657 1152 1745; x_wconf 87' lang='lat' dir='ltr'><strong>occultari,</strong></span> <span class='ocrx_word' id='word_1_61' title='bbox 1202 1656 1532 1733; x_wconf 86' lang='lat' dir='ltr'><strong>bracteis</strong></span> <span class='ocrx_word' id='word_1_62' title='bbox 1585 1683 1912 1759; x_wconf 89' lang='lat' dir='ltr'><strong>quoque</strong></span> <span class='ocrx_word' id='word_1_63' title='bbox 1947 1655 2562 1733; x_wconf 88' lang='lat' dir='ltr'><strong>excrescentibus</strong></span> 
     </span>
     <span class='ocr_line' id='line_1_13' title="bbox 520 1770 2596 1868; baseline -0.002 -22"><span class='ocrx_word' id='word_1_64' title='bbox 520 1785 599 1846; x_wconf 90' lang='lat' dir='ltr'><strong>et</strong></span> <span class='ocrx_word' id='word_1_65' title='bbox 667 1771 1053 1846; x_wconf 85' lang='lat' dir='ltr'><strong>uncinatis</strong></span> <span class='ocrx_word' id='word_1_66' title='bbox 1125 1770 1430 1845; x_wconf 88' lang='lat' dir='ltr'><strong>ibidem</strong></span> <span class='ocrx_word' id='word_1_67' title='bbox 1480 1770 1616 1868; x_wconf 78' lang='lat' dir='ltr'><strong>figi</strong></span> <span class='ocrx_word' id='word_1_68' title='bbox 1673 1785 1749 1847; x_wconf 90' lang='lat' dir='ltr'><strong>et</strong></span> <span class='ocrx_word' id='word_1_69' title='bbox 1797 1773 2098 1848; x_wconf 85' lang='lat' dir='ltr'><strong>semina</strong></span> <span class='ocrx_word' id='word_1_70' title='bbox 2149 1784 2596 1854; x_wconf 82' lang='lat' dir='ltr'><strong>maturare,</strong></span> 
     </span>
     <span class='ocr_line' id='line_1_14' title="bbox 519 1883 2561 1987; baseline -0.001 -27"><span class='ocrx_word' id='word_1_71' title='bbox 519 1885 747 1987; x_wconf 85' lang='lat' dir='ltr'><strong>quod·</strong></span> <span class='ocrx_word' id='word_1_72' title='bbox 804 1885 890 1959; x_wconf 90' lang='lat' dir='ltr'><strong>in</strong></span> <span class='ocrx_word' id='word_1_73' title='bbox 955 1883 1294 1958; x_wconf 88' lang='lat' dir='ltr'><strong>Trifolio</strong></span> <span class='ocrx_word' id='word_1_74' title='bbox 1361 1886 1873 1961; x_wconf 87' lang='lat' dir='ltr'><strong>subterraneo</strong></span> <span class='ocrx_word' id='word_1_75' title='bbox 1941 1886 2324 1961; x_wconf 68' lang='lat' dir='ltr'><strong>videmus</strong></span> <span class='ocrx_word' id='word_1_76' title='bbox 2419 1888 2561 1959; x_wconf 88' lang='lat' dir='ltr'><strong>Pe·</strong></span> 
     </span>
     <span class='ocr_line' id='line_1_15' title="bbox 517 1998 2558 2105; baseline -0.001 -30"><span class='ocrx_word' id='word_1_77' title='bbox 517 1998 847 2076; x_wconf 89' lang='lat' dir='ltr'><strong>dunculi</strong></span> <span class='ocrx_word' id='word_1_78' title='bbox 914 1998 1010 2072; x_wconf 86' lang='lat' dir='ltr'><strong>ab</strong></span> <span class='ocrx_word' id='word_1_79' title='bbox 1075 1998 1305 2074; x_wconf 89' lang='lat' dir='ltr'><strong>initio</strong></span> <span class='ocrx_word' id='word_1_80' title='bbox 1375 1999 1897 2086; x_wconf 86' lang='lat' dir='ltr'><strong>subterranei,</strong></span> <span class='ocrx_word' id='word_1_81' title='bbox 1982 2024 2127 2075; x_wconf 90' lang='lat' dir='ltr'><strong>nec</strong></span> <span class='ocrx_word' id='word_1_82' title='bbox 2194 2023 2360 2074; x_wconf 92' lang='lat' dir='ltr'><strong>non</strong></span> <span class='ocrx_word' id='word_1_83' title='bbox 2412 1998 2558 2105; x_wconf 86' lang='lat' dir='ltr'><strong>sub</strong></span> 
     </span>
     <span class='ocr_line' id='line_1_16' title="bbox 512 2110 2561 2213; baseline 0 -25"><span class='ocrx_word' id='word_1_84' title='bbox 512 2129 717 2189; x_wconf 86' lang='lat' dir='ltr'><strong>terra</strong></span> <span class='ocrx_word' id='word_1_85' title='bbox 766 2110 1140 2187; x_wconf 89' lang='lat' dir='ltr'><strong>florentes</strong></span> <span class='ocrx_word' id='word_1_86' title='bbox 1192 2126 1428 2213; x_wconf 89' lang='lat' dir='ltr'><strong>atque</strong></span> <span class='ocrx_word' id='word_1_87' title='bbox 1477 2113 1779 2188; x_wconf 90' lang='lat' dir='ltr'><strong>semina</strong></span> <span class='ocrx_word' id='word_1_88' title='bbox 1827 2128 2309 2190; x_wconf 84' lang='lat' dir='ltr'><strong>maturantes</strong></span> <span class='ocrx_word' id='word_1_89' title='bbox 2348 2111 2561 2188; x_wconf 88' lang='lat' dir='ltr'><strong>vide-</strong></span> 
     </span>
     <span class='ocr_line' id='line_1_17' title="bbox 513 2225 2558 2330; baseline 0 -28"><span class='ocrx_word' id='word_1_90' title='bbox 513 2252 698 2302; x_wconf 89' lang='lat' dir='ltr'><strong>mus</strong></span> <span class='ocrx_word' id='word_1_91' title='bbox 745 2226 831 2301; x_wconf 92' lang='lat' dir='ltr'><strong>in</strong></span> <span class='ocrx_word' id='word_1_92' title='bbox 878 2225 1217 2323; x_wconf 82' lang='lat' dir='ltr'><strong>Lathyro</strong></span> <span class='ocrx_word' id='word_1_93' title='bbox 1262 2226 1795 2328; x_wconf 84' lang='lat' dir='ltr'><strong>amphicarp0,</strong></span> <span class='ocrx_word' id='word_1_94' title='bbox 1827 2228 2110 2304; x_wconf 90' lang='lat' dir='ltr'><strong>Arachi</strong></span> <span class='ocrx_word' id='word_1_95' title='bbox 2156 2227 2558 2330; x_wconf 86' lang='lat' dir='ltr'><strong>hypogaea</strong></span> 
     </span>
     <span class='ocr_line' id='line_1_18' title="bbox 516 2339 2540 2442; baseline -0.002 -25"><span class='ocrx_word' id='word_1_96' title='bbox 516 2339 864 2442; x_wconf 86' lang='lat' dir='ltr'><strong>aliisque.</strong></span> <span class='ocrx_word' id='word_1_97' title='bbox 1352 2419 1355 2424; x_wconf 84' lang='lat'><strong>.</strong></span> <span class='ocrx_word' id='word_1_98' title='bbox 2531 2356 2540 2361; x_wconf 81' lang='grc'><strong><em>’</em></strong></span> 
     </span>
    </p>

    <p class='ocr_par' dir='ltr' id='par_1_5' title="bbox 508 2455 2558 3469">
     <span class='ocr_line' id='line_1_19' title="bbox 706 2455 2557 2559; baseline 0 -28"><span class='ocrx_word' id='word_1_99' title='bbox 706 2457 1349 2556; x_wconf 89' lang='lat' dir='ltr'><strong>Anamorphoses</strong></span> <span class='ocrx_word' id='word_1_100' title='bbox 1402 2480 1729 2559; x_wconf 91' lang='lat' dir='ltr'><strong>quoque</strong></span> <span class='ocrx_word' id='word_1_101' title='bbox 1776 2456 1864 2531; x_wconf 92' lang='lat' dir='ltr'><strong>in</strong></span> <span class='ocrx_word' id='word_1_102' title='bbox 1910 2455 2384 2558; x_wconf 86' lang='lat' dir='ltr'><strong>pedunculis</strong></span> <span class='ocrx_word' id='word_1_103' title='bbox 2420 2456 2557 2534; x_wconf 87' lang='lat' dir='ltr'><strong>ob·</strong></span> 
     </span>
     <span class='ocr_line' id='line_1_20' title="bbox 512 2570 2557 2673; baseline 0 -28"><span class='ocrx_word' id='word_1_104' title='bbox 512 2581 935 2645; x_wconf 85' lang='lat' dir='ltr'><strong>servantur.</strong></span> <span class='ocrx_word' id='word_1_105' title='bbox 1045 2574 1142 2647; x_wconf 89' lang='lat' dir='ltr'><strong>In</strong></span> <span class='ocrx_word' id='word_1_106' title='bbox 1202 2571 1648 2670; x_wconf 87' lang='lat' dir='ltr'><strong>Phyllanthi</strong></span> <span class='ocrx_word' id='word_1_107' title='bbox 1723 2571 2133 2673; x_wconf 88' lang='lat' dir='ltr'><strong>speciebus</strong></span> <span class='ocrx_word' id='word_1_108' title='bbox 2196 2570 2557 2647; x_wconf 85' lang='lat' dir='ltr'><strong>videmus</strong></span> 
     </span>
     <span class='ocr_line' id='line_1_21' title="bbox 515 2682 2558 2785; baseline 0 -27"><span class='ocrx_word' id='word_1_109' title='bbox 515 2682 1010 2785; x_wconf 88' lang='lat' dir='ltr'><strong>pedunculos</strong></span> <span class='ocrx_word' id='word_1_110' title='bbox 1088 2703 1356 2761; x_wconf 86' lang='lat' dir='ltr'><strong>revera</strong></span> <span class='ocrx_word' id='word_1_111' title='bbox 1437 2686 1523 2760; x_wconf 93' lang='lat' dir='ltr'><strong>in</strong></span> <span class='ocrx_word' id='word_1_112' title='bbox 1594 2683 1786 2761; x_wconf 87' lang='lat' dir='ltr'><strong>folia</strong></span> <span class='ocrx_word' id='word_1_113' title='bbox 1865 2699 2232 2761; x_wconf 89' lang='lat' dir='ltr'><strong>mutatos.</strong></span> <span class='ocrx_word' id='word_1_114' title='bbox 2352 2690 2558 2761; x_wconf 84' lang='lat' dir='ltr'><strong>Nam</strong></span> 
     </span>
     <span class='ocr_line' id='line_1_22' title="bbox 511 2795 2558 2901; baseline -0.001 -28"><span class='ocrx_word' id='word_1_115' title='bbox 511 2798 660 2873; x_wconf 91' lang='lat' dir='ltr'><strong>sub</strong></span> <span class='ocrx_word' id='word_1_116' title='bbox 710 2795 943 2884; x_wconf 83' lang='lat' dir='ltr'><strong>foliis,</strong></span> <span class='ocrx_word' id='word_1_117' title='bbox 995 2800 1132 2900; x_wconf 84' lang='lat' dir='ltr'><strong>qui</strong></span> <span class='ocrx_word' id='word_1_118' title='bbox 1181 2798 1424 2876; x_wconf 89' lang='lat' dir='ltr'><strong>flores</strong></span> <span class='ocrx_word' id='word_1_119' title='bbox 1472 2796 1907 2901; x_wconf 87' lang='lat' dir='ltr'><strong>proferunt,</strong></span> <span class='ocrx_word' id='word_1_120' title='bbox 1957 2797 2320 2874; x_wconf 80' lang='lat' dir='ltr'><strong>videmus</strong></span> <span class='ocrx_word' id='word_1_121' title='bbox 2350 2821 2558 2871; x_wconf 85' lang='lat' dir='ltr'><strong>mar-</strong></span> 
     </span>
     <span class='ocr_line' id='line_1_23' title="bbox 509 2908 2558 3014; baseline -0 -28"><span class='ocrx_word' id='word_1_122' title='bbox 509 2912 776 3011; x_wconf 82' lang='lat' dir='ltr'><strong>ginem</strong></span> <span class='ocrx_word' id='word_1_123' title='bbox 827 2915 1454 3014; x_wconf 85' lang='lat' dir='ltr'><strong>prominentem,</strong></span> <span class='ocrx_word' id='word_1_124' title='bbox 1505 2914 1677 2991; x_wconf 88' lang='lat' dir='ltr'><strong>folii</strong></span> <span class='ocrx_word' id='word_1_125' title='bbox 1727 2912 2116 2988; x_wconf 86' lang='lat' dir='ltr'><strong>fulcientis</strong></span> <span class='ocrx_word' id='word_1_126' title='bbox 2148 2908 2558 2985; x_wconf 55' lang='lat' dir='ltr'><strong>rudimena</strong></span> 
     </span>
     <span class='ocr_line' id='line_1_24' title="bbox 508 3021 2556 3121; baseline -0.001 -19"><span class='ocrx_word' id='word_1_127' title='bbox 508 3037 686 3102; x_wconf 89' lang='lat' dir='ltr'><strong>tum</strong></span> <span class='ocrx_word' id='word_1_128' title='bbox 733 3025 1251 3114; x_wconf 81' lang='lat' dir='ltr'><strong>indicantem3</strong></span> <span class='ocrx_word' id='word_1_129' title='bbox 1304 3027 1572 3105; x_wconf 91' lang='lat' dir='ltr'><strong>deficit</strong></span> <span class='ocrx_word' id='word_1_130' title='bbox 1621 3051 1805 3102; x_wconf 89' lang='lat' dir='ltr'><strong>vero</strong></span> <span class='ocrx_word' id='word_1_131' title='bbox 1856 3045 2132 3121; x_wconf 83' lang='lat' dir='ltr'><strong>margo</strong></span> <span class='ocrx_word' id='word_1_132' title='bbox 2184 3021 2426 3100; x_wconf 87' lang='lat' dir='ltr'><strong>hicce·</strong></span> <span class='ocrx_word' id='word_1_133' title='bbox 2468 3025 2556 3099; x_wconf 76' lang='lat' dir='ltr'><strong>in</strong></span> 
     </span>
     <span class='ocr_line' id='line_1_25' title="bbox 508 3137 2554 3244; baseline -0 -30"><span class='ocrx_word' id='word_1_134' title='bbox 508 3139 605 3215; x_wconf 86' lang='lat' dir='ltr'><strong>iis</strong></span> <span class='ocrx_word' id='word_1_135' title='bbox 682 3142 1149 3242; x_wconf 89' lang='lat' dir='ltr'><strong>speciebus,·</strong></span> <span class='ocrx_word' id='word_1_136' title='bbox 1200 3144 1490 3244; x_wconf 88' lang='lat' dir='ltr'><strong>quibus</strong></span> <span class='ocrx_word' id='word_1_137' title='bbox 1554 3140 1792 3216; x_wconf 88' lang='lat' dir='ltr'><strong>flores</strong></span> <span class='ocrx_word' id='word_1_138' title='bbox 1851 3162 2080 3214; x_wconf 86' lang='lat' dir='ltr'><strong>more</strong></span> <span class='ocrx_word' id='word_1_139' title='bbox 2154 3137 2388 3215; x_wconf 90' lang='lat' dir='ltr'><strong>solito</strong></span> <span class='ocrx_word' id='word_1_140' title='bbox 2467 3163 2554 3214; x_wconf 81' lang='lat' dir='ltr'><strong>ex</strong></span> 
     </span>
     <span class='ocr_line' id='line_1_26' title="bbox 508 3249 2551 3356; baseline -0 -28"><span class='ocrx_word' id='word_1_141' title='bbox 508 3254 753 3329; x_wconf 86' lang='lat' dir='ltr'><strong>axillis</strong></span> <span class='ocrx_word' id='word_1_142' title='bbox 824 3254 1211 3332; x_wconf 85' lang='lat' dir='ltr'><strong>foliorum</strong></span> <span class='ocrx_word' id='word_1_143' title='bbox 1276 3253 1695 3356; x_wconf 87' lang='lat' dir='ltr'><strong>prodeunt.</strong></span> <span class='ocrx_word' id='word_1_144' title='bbox 1813 3249 1969 3329; x_wconf 87' lang='lat' dir='ltr'><strong>Cfr.</strong></span> <span class='ocrx_word' id='word_1_145' title='bbox 2035 3253 2343 3355; x_wconf 88' lang='lat' dir='ltr'><strong>Turpin</strong></span> <span class='ocrx_word' id='word_1_146' title='bbox 2391 3256 2551 3329; x_wconf 90' lang='lat' dir='ltr'><strong>Ess.</strong></span> 
     </span>
     <span class='ocr_line' id='line_1_27' title="bbox 512 3357 2157 3469; baseline -0.003 -26"><span class='ocrx_word' id='word_1_147' title='bbox 512 3367 743 3443; x_wconf 88' lang='lat' dir='ltr'><strong>d&#39;une</strong></span> <span class='ocrx_word' id='word_1_148' title='bbox 791 3369 1159 3465; x_wconf 79' lang='lat' dir='ltr'><strong>iconogr.</strong></span> <span class='ocrx_word' id='word_1_149' title='bbox 1195 3395 1265 3469; x_wconf 91' lang='lat' dir='ltr'><strong>p.</strong></span> <span class='ocrx_word' id='word_1_150' title='bbox 1319 3370 1480 3443; x_wconf 88' lang='lat'><strong>111.</strong></span> <span class='ocrx_word' id='word_1_151' title='bbox 2152 3357 2157 3362; x_wconf 70' lang='grc'><strong>’</strong></span> 
     </span>
    </p>

    <p class='ocr_par' dir='ltr' id='par_1_6' title="bbox 507 3479 2552 3812">
     <span class='ocr_line' id='line_1_28' title="bbox 660 3479 2550 3583; baseline -0.002 -26"><span class='ocrx_word' id='word_1_152' title='bbox 660 3526 666 3532; x_wconf 90' lang='grc'><strong>-</strong></span> <span class='ocrx_word' id='word_1_153' title='bbox 706 3482 963 3557; x_wconf 87' lang='lat' dir='ltr'><strong>Simili</strong></span> <span class='ocrx_word' id='word_1_154' title='bbox 1012 3481 1266 3557; x_wconf 92' lang='lat' dir='ltr'><strong>modo</strong></span> <span class='ocrx_word' id='word_1_155' title='bbox 1317 3505 1441 3557; x_wconf 89' lang='lat' dir='ltr'><strong>res</strong></span> <span class='ocrx_word' id='word_1_156' title='bbox 1490 3502 1657 3555; x_wconf 91' lang='lat' dir='ltr'><strong>sese</strong></span> <span class='ocrx_word' id='word_1_157' title='bbox 1704 3479 1943 3557; x_wconf 86' lang='lat' dir='ltr'><strong>habet</strong></span> <span class='ocrx_word' id='word_1_158' title='bbox 1987 3482 2085 3556; x_wconf 78' lang='lat' dir='ltr'><strong>‚in</strong></span> <span class='ocrx_word' id='word_1_159' title='bbox 2130 3481 2550 3583; x_wconf 66' lang='lat' dir='ltr'><strong>Asparagisi.</strong></span> 
     </span>
     <span class='ocr_line' id='line_1_29' title="bbox 507 3593 2550 3696; baseline -0.001 -21"><span class='ocrx_word' id='word_1_160' title='bbox 507 3593 712 3675; x_wconf 80' lang='lat' dir='ltr'><strong>Folii</strong></span> <span class='ocrx_word' id='word_1_161' title='bbox 794 3594 977 3672; x_wconf 91' lang='lat' dir='ltr'><strong>loco</strong></span> <span class='ocrx_word' id='word_1_162' title='bbox 1043 3597 1317 3693; x_wconf 78' lang='lat' dir='ltr'><strong>vagina</strong></span> <span class='ocrx_word' id='word_1_163' title='bbox 1382 3611 1530 3684; x_wconf 91' lang='lat' dir='ltr'><strong>est,</strong></span> <span class='ocrx_word' id='word_1_164' title='bbox 1604 3596 1689 3670; x_wconf 93' lang='lat' dir='ltr'><strong>in</strong></span> <span class='ocrx_word' id='word_1_165' title='bbox 1756 3593 1979 3692; x_wconf 85' lang='lat' dir='ltr'><strong>cujus</strong></span> <span class='ocrx_word' id='word_1_166' title='bbox 2030 3595 2247 3672; x_wconf 89' lang='lat' dir='ltr'><strong>axilla</strong></span> <span class='ocrx_word' id='word_1_167' title='bbox 2296 3609 2550 3696; x_wconf 86' lang='lat' dir='ltr'><strong>partes</strong></span> 
     </span>
     <span class='ocr_line' id='line_1_30' title="bbox 508 3703 2552 3812; baseline -0.002 -25"><span class='ocrx_word' id='word_1_168' title='bbox 508 3710 925 3788; x_wconf 87' lang='lat' dir='ltr'><strong>filiformes</strong></span> <span class='ocrx_word' id='word_1_169' title='bbox 986 3709 1417 3812; x_wconf 89' lang='lat' dir='ltr'><strong>prodeunt,</strong></span> <span class='ocrx_word' id='word_1_170' title='bbox 1478 3708 1717 3809; x_wconf 84' lang='lat' dir='ltr'><strong>vulgo</strong></span> <span class='ocrx_word' id='word_1_171' title='bbox 1768 3703 1956 3785; x_wconf 87' lang='lat' dir='ltr'><strong>folia</strong></span> <span class='ocrx_word' id='word_1_172' title='bbox 2010 3710 2229 3784; x_wconf 88' lang='lat' dir='ltr'><strong>dicta.</strong></span> <span class='ocrx_word' id='word_1_173' title='bbox 2326 3706 2552 3805; x_wconf 81' lang='lat' dir='ltr'><strong>Vagi-</strong></span> 
     </span>
    </p>
   </div>
   <div class='ocr_carea' id='block_1_3' title="bbox 402 3820 2552 3904">
    <p class='ocr_par' dir='ltr' id='par_1_7' title="bbox 402 3820 2552 3904">
     <span class='ocr_line' id='line_1_31' title="bbox 402 3820 2552 3904; baseline -0.003 0"><span class='ocrx_word' id='word_1_174' title='bbox 402 3871 403 3874; x_wconf 15' lang='grc' dir='ltr'><strong><em>κ</em></strong></span> <span class='ocrx_word' id='word_1_175' title='bbox 508 3851 697 3904; x_wconf 88' lang='lat' dir='ltr'><strong>nam</strong></span> <span class='ocrx_word' id='word_1_176' title='bbox 746 3827 978 3904; x_wconf 87' lang='lat' dir='ltr'><strong>istam</strong></span> <span class='ocrx_word' id='word_1_177' title='bbox 1026 3851 1304 3902; x_wconf 86' lang='lat' dir='ltr'><strong>verum</strong></span> <span class='ocrx_word' id='word_1_178' title='bbox 1355 3850 1523 3902; x_wconf 91' lang='lat' dir='ltr'><strong>esse</strong></span> <span class='ocrx_word' id='word_1_179' title='bbox 1568 3823 1858 3902; x_wconf 85' lang='lat' dir='ltr'><strong>folium</strong></span> <span class='ocrx_word' id='word_1_180' title='bbox 1889 3825 2092 3900; x_wconf 93' lang='lat' dir='ltr'><strong>bene</strong></span> <span class='ocrx_word' id='word_1_181' title='bbox 2123 3820 2319 3898; x_wconf 88' lang='lat' dir='ltr'><strong>vidit</strong></span> <span class='ocrx_word' id='word_1_182' title='bbox 2351 3826 2552 3898; x_wconf 88' lang='lat' dir='ltr'><strong>Tur·</strong></span> 
     </span>
    </p>
   </div>
   <div class='ocr_carea' id='block_1_4' title="bbox 507 3935 2551 4155">
    <p class='ocr_par' dir='ltr' id='par_1_8' title="bbox 507 3935 2551 4155">
     <span class='ocr_line' id='line_1_32' title="bbox 507 3935 2549 4046; baseline -0.002 -29"><span class='ocrx_word' id='word_1_183' title='bbox 507 3944 646 4046; x_wconf 90' lang='lat' dir='ltr'><strong>pin</strong></span> <span class='ocrx_word' id='word_1_184' title='bbox 716 3943 859 4039; x_wconf 86' lang='lat' dir='ltr'><strong>(N.</strong></span> <span class='ocrx_word' id='word_1_185' title='bbox 921 3941 1198 4019; x_wconf 87' lang='lat' dir='ltr'><strong>Bullet.</strong></span> <span class='ocrx_word' id='word_1_186' title='bbox 1267 3938 1339 4016; x_wconf 93' lang='lat' dir='ltr'><strong>d.</strong></span> <span class='ocrx_word' id='word_1_187' title='bbox 1406 3941 1452 4015; x_wconf 94' lang='lat' dir='ltr'><strong>l.</strong></span> <span class='ocrx_word' id='word_1_188' title='bbox 1520 3944 1695 4017; x_wconf 90' lang='lat' dir='ltr'><strong>Soc.</strong></span> <span class='ocrx_word' id='word_1_189' title='bbox 1754 3935 1944 4040; x_wconf 91' lang='lat' dir='ltr'><strong>phil.</strong></span> <span class='ocrx_word' id='word_1_190' title='bbox 2009 3943 2097 4014; x_wconf 90' lang='lat' dir='ltr'><strong>T.</strong></span> <span class='ocrx_word' id='word_1_191' title='bbox 2145 3942 2213 4015; x_wconf 83' lang='lat'><strong>3.</strong></span> <span class='ocrx_word' id='word_1_192' title='bbox 2263 3965 2338 4039; x_wconf 91' lang='lat' dir='ltr'><strong>p.</strong></span> <span class='ocrx_word' id='word_1_193' title='bbox 2384 3937 2549 4012; x_wconf 74' lang='lat'><strong>305.</strong></span> 
     </span>
     <span class='ocr_line' id='line_1_33' title="bbox 508 4049 2551 4155; baseline -0.003 -23"><span class='ocrx_word' id='word_1_194' title='bbox 508 4057 723 4132; x_wconf 86' lang='lat' dir='ltr'><strong>Essai</strong></span> <span class='ocrx_word' id='word_1_195' title='bbox 793 4056 1026 4133; x_wconf 91' lang='lat' dir='ltr'><strong>d&#39;une</strong></span> <span class='ocrx_word' id='word_1_196' title='bbox 1085 4052 1595 4155; x_wconf 80' lang='lat' dir='ltr'><strong>iconograph.</strong></span> <span class='ocrx_word' id='word_1_197' title='bbox 1645 4079 1717 4154; x_wconf 91' lang='lat' dir='ltr'><strong>p.</strong></span> <span class='ocrx_word' id='word_1_198' title='bbox 1764 4052 1931 4148; x_wconf 81' lang='lat'><strong>90.)</strong></span> <span class='ocrx_word' id='word_1_199' title='bbox 1985 4066 2061 4129; x_wconf 89' lang='lat' dir='ltr'><strong>at</strong></span> <span class='ocrx_word' id='word_1_200' title='bbox 2106 4049 2297 4129; x_wconf 83' lang='lat' dir='ltr'><strong>solia</strong></span> <span class='ocrx_word' id='word_1_201' title='bbox 2348 4067 2551 4151; x_wconf 86' lang='lat' dir='ltr'><strong>quae</strong></span> 
     </span>
    </p>
   </div>
  </div>
 </body>
</html>
