<?xml version="1.0" encoding="UTF-8"?>
<!DOCTYPE html PUBLIC "-//W3C//DTD XHTML 1.0 Transitional//EN"
    "http://www.w3.org/TR/xhtml1/DTD/xhtml1-transitional.dtd">
<html xmlns="http://www.w3.org/1999/xhtml" xml:lang="en" lang="en">
 <head>
  <title>
</title>
<meta http-equiv="Content-Type" content="text/html;charset=utf-8" />
  <meta name='ocr-system' content='tesseract 3.04.00' />
  <meta name='ocr-capabilities' content='ocr_page ocr_carea ocr_par ocr_line ocrx_word'/>
</head>
<body>
  <div class='ocr_page' id='page_1' title='image "./elementaphiloso01linkgoog_0118.png"; bbox 0 0 2843 4800; ppageno 0'>
   <div class='ocr_carea' id='block_1_1' title="bbox 496 300 1733 418">
    <p class='ocr_par' dir='ltr' id='par_1_1' title="bbox 496 300 1733 418">
     <span class='ocr_line' id='line_1_1' title="bbox 496 300 1733 418; baseline -0.003 0"><span class='ocrx_word' id='word_1_1' title='bbox 496 343 658 418; x_wconf 74' lang='lat' dir='ltr'><strong>‘llo</strong></span> <span class='ocrx_word' id='word_1_2' title='bbox 1083 300 1087 306; x_wconf 68' lang='grc'><strong>’</strong></span> <span class='ocrx_word' id='word_1_3' title='bbox 1343 342 1733 418; x_wconf 77' lang='lat' dir='ltr'>RAmx.</span> 
     </span>
    </p>
   </div>
   <div class='ocr_carea' id='block_1_2' title="bbox 1174 900 1892 1267">
    <p class='ocr_par' dir='ltr' id='par_1_2' title="bbox 1156 900 1892 1294">
     <span class='ocr_line' id='line_1_2' title="bbox 1426 900 1646 1027; baseline -0.009 0"><span class='ocrx_word' id='word_1_4' title='bbox 1426 900 1646 1027; x_wconf 89' lang='lat' dir='ltr'><strong>IV.</strong></span> 
     </span>
     <span class='ocr_line' id='line_1_3' title="bbox 1174 1121 1892 1267; baseline -0.003 -38.049"><span class='ocrx_word' id='word_1_5' title='bbox 1174 1121 1892 1267; x_wconf 74' lang='lat' dir='ltr'>RAD1x</span> 
     </span>
    </p>
   </div>
   <div class='ocr_carea' id='block_1_3' title="bbox 1378 1394 1687 1408">
    <p class='ocr_par' dir='ltr' id='par_1_3' title="bbox 1378 1394 1687 1408">
     <span class='ocr_line' id='line_1_4' title="bbox 1378 1394 1687 1408; baseline 0.003 -1"><span class='ocrx_word' id='word_1_6' title='bbox 1378 1394 1687 1408; x_wconf 69' lang='lat'><em>-——————-</em></span> 
     </span>
    </p>
   </div>
   <div class='ocr_carea' id='block_1_4' title="bbox 517 1583 2574 1877">
    <p class='ocr_par' dir='ltr' id='par_1_4' title="bbox 517 1583 2574 1877">
     <span class='ocr_line' id='line_1_5' title="bbox 517 1583 2574 1750; baseline -0.004 -39"><span class='ocrx_word' id='word_1_7' title='bbox 517 1618 658 1711; x_wconf 83' lang='lat'><strong>69.</strong></span> <span class='ocrx_word' id='word_1_8' title='bbox 720 1614 879 1707; x_wconf 92' lang='lat' dir='ltr'><strong>Ad</strong></span> <span class='ocrx_word' id='word_1_9' title='bbox 904 1617 1334 1706; x_wconf 81' lang='lat' dir='ltr'><strong>Radzcem</strong></span> <span class='ocrx_word' id='word_1_10' title='bbox 1356 1583 1875 1750; x_wconf 79' lang='lat' dir='ltr'>pertinent</span> <span class='ocrx_word' id='word_1_11' title='bbox 1911 1641 2267 1704; x_wconf 89' lang='lat' dir='ltr'><strong>omnes</strong></span> <span class='ocrx_word' id='word_1_12' title='bbox 2295 1613 2574 1732; x_wconf 88' lang='lat' dir='ltr'><strong>plan-</strong></span> 
     </span>
     <span class='ocr_line' id='line_1_6' title="bbox 635 1739 2350 1877; baseline -0.006 -25"><span class='ocrx_word' id='word_1_13' title='bbox 635 1739 797 1854; x_wconf 82' lang='lat' dir='ltr'><strong>tae</strong></span> <span class='ocrx_word' id='word_1_14' title='bbox 842 1772 1181 1877; x_wconf 86' lang='lat' dir='ltr'><strong>partes</strong></span> <span class='ocrx_word' id='word_1_15' title='bbox 1231 1743 1712 1864; x_wconf 74' lang='lat' dir='ltr'><strong>deorsum</strong></span> <span class='ocrx_word' id='word_1_16' title='bbox 1757 1766 2350 1846; x_wconf 81' lang='lat' dir='ltr'><strong>crescentes,</strong></span> 
     </span>
    </p>
   </div>
   <div class='ocr_carea' id='block_1_5' title="bbox 486 1911 2576 4066">
    <p class='ocr_par' dir='ltr' id='par_1_5' title="bbox 512 1911 2574 2599">
     <span class='ocr_line' id='line_1_7' title="bbox 707 1911 2571 2029; baseline -0.003 -22"><span class='ocrx_word' id='word_1_17' title='bbox 707 1928 961 2007; x_wconf 86' lang='lat' dir='ltr'>Radix</span> <span class='ocrx_word' id='word_1_18' title='bbox 1011 1939 1126 2004; x_wconf 85' lang='lat' dir='ltr'><strong>est</strong></span> <span class='ocrx_word' id='word_1_19' title='bbox 1170 1951 1350 2028; x_wconf 87' lang='lat' dir='ltr'><strong>pars</strong></span> <span class='ocrx_word' id='word_1_20' title='bbox 1398 1927 1710 2029; x_wconf 80' lang='lat' dir='ltr'><strong>plantae</strong></span> <span class='ocrx_word' id='word_1_21' title='bbox 1759 1911 2128 2015; x_wconf 78' lang='lat' dir='ltr'><strong>inferior,</strong></span> <span class='ocrx_word' id='word_1_22' title='bbox 2196 1951 2418 2028; x_wconf 91' lang='lat' dir='ltr'><strong>quae</strong></span> <span class='ocrx_word' id='word_1_23' title='bbox 2446 1927 2571 2001; x_wconf 86' lang='lat' dir='ltr'><strong>in—</strong></span> 
     </span>
     <span class='ocr_line' id='line_1_8' title="bbox 515 2040 2574 2144; baseline -0.001 -23"><span class='ocrx_word' id='word_1_24' title='bbox 515 2060 632 2122; x_wconf 89' lang='lat' dir='ltr'><strong>tra</strong></span> <span class='ocrx_word' id='word_1_25' title='bbox 683 2068 971 2144; x_wconf 88' lang='lat' dir='ltr'><strong>corpus</strong></span> <span class='ocrx_word' id='word_1_26' title='bbox 1020 2040 1372 2128; x_wconf 89' lang='lat' dir='ltr'><strong>solidius,</strong></span> <span class='ocrx_word' id='word_1_27' title='bbox 1426 2040 1650 2141; x_wconf 90' lang='lat' dir='ltr'><strong>quod</strong></span> <span class='ocrx_word' id='word_1_28' title='bbox 1698 2040 2010 2142; x_wconf 87' lang='lat' dir='ltr'><strong>plantae</strong></span> <span class='ocrx_word' id='word_1_29' title='bbox 2043 2040 2314 2117; x_wconf 87' lang='lat' dir='ltr'><strong>sedem</strong></span> <span class='ocrx_word' id='word_1_30' title='bbox 2348 2055 2574 2144; x_wconf 81' lang='lat' dir='ltr'><strong>prae-</strong></span> 
     </span>
     <span class='ocr_line' id='line_1_9' title="bbox 512 2149 2574 2248; baseline -0 -13"><span class='ocrx_word' id='word_1_31' title='bbox 512 2162 679 2248; x_wconf 83' lang='lat' dir='ltr'><strong>bet,</strong></span> <span class='ocrx_word' id='word_1_32' title='bbox 743 2157 1037 2233; x_wconf 83' lang='lat' dir='ltr'><strong>abdita</strong></span> <span class='ocrx_word' id='word_1_33' title='bbox 1072 2168 1146 2231; x_wconf 87' lang='lat' dir='ltr'><strong>et</strong></span> <span class='ocrx_word' id='word_1_34' title='bbox 1207 2155 1584 2231; x_wconf 86' lang='lat' dir='ltr'><strong>alimento</strong></span> <span class='ocrx_word' id='word_1_35' title='bbox 1655 2155 2121 2232; x_wconf 83' lang='lat' dir='ltr'><strong>attrahendo</strong></span> <span class='ocrx_word' id='word_1_36' title='bbox 2192 2149 2574 2234; x_wconf 82' lang='lat' dir='ltr'><strong>destinata</strong></span> 
     </span>
     <span class='ocr_line' id='line_1_10' title="bbox 518 2272 2548 2376; baseline -0.003 -24.997"><span class='ocrx_word' id='word_1_37' title='bbox 518 2290 649 2351; x_wconf 84' lang='lat' dir='ltr'><strong>est.</strong></span> <span class='ocrx_word' id='word_1_38' title='bbox 701 2277 924 2376; x_wconf 78' lang='lat' dir='ltr'><strong>Iang.</strong></span> <span class='ocrx_word' id='word_1_39' title='bbox 976 2274 1277 2371; x_wconf 78' lang='lat' dir='ltr'><strong>Isagog.</strong></span> <span class='ocrx_word' id='word_1_40' title='bbox 1321 2272 1754 2374; x_wconf 80' lang='lat' dir='ltr'><strong>phytoscop.</strong></span> <span class='ocrx_word' id='word_1_41' title='bbox 1808 2300 1886 2346; x_wconf 86' lang='lat' dir='ltr'><strong>c.</strong></span> <span class='ocrx_word' id='word_1_42' title='bbox 1917 2276 1985 2347; x_wconf 80' lang='grc'><strong>2.</strong></span> <span class='ocrx_word' id='word_1_43' title='bbox 2038 2274 2098 2370; x_wconf 63' lang='grc' dir='ltr'><strong>ἕ.</strong></span> <span class='ocrx_word' id='word_1_44' title='bbox 2141 2277 2218 2346; x_wconf 94' lang='grc' dir='ltr'><strong>Ι1.</strong></span> <span class='ocrx_word' id='word_1_45' title='bbox 2541 2287 2548 2294; x_wconf 86' lang='grc'><strong>’</strong></span> 
     </span>
     <span class='ocr_line' id='line_1_11' title="bbox 516 2379 2570 2489; baseline -0.002 -22"><span class='ocrx_word' id='word_1_46' title='bbox 516 2433 524 2445; x_wconf 91' lang='grc'><strong>-</strong></span> <span class='ocrx_word' id='word_1_47' title='bbox 577 2434 585 2447; x_wconf 87' lang='lat'><em>·</em></span> <span class='ocrx_word' id='word_1_48' title='bbox 652 2379 958 2467; x_wconf 77' lang='lat' dir='ltr'>=·Radix</span> <span class='ocrx_word' id='word_1_49' title='bbox 1011 2400 1135 2463; x_wconf 51' lang='lat' dir='ltr'><strong>est¹</strong></span> <span class='ocrx_word' id='word_1_50' title='bbox 1175 2385 1648 2462; x_wconf 76' lang='lat' dir='ltr'><strong>alimentum</strong></span> <span class='ocrx_word' id='word_1_51' title='bbox 1692 2386 2064 2464; x_wconf 74' lang='lat' dir='ltr'><strong>hauriens</strong></span> <span class='ocrx_word' id='word_1_52' title='bbox 2097 2413 2294 2489; x_wconf 88' lang='lat' dir='ltr'><strong>pars.</strong></span> <span class='ocrx_word' id='word_1_53' title='bbox 2343 2386 2570 2464; x_wconf 71' lang='grc' dir='ltr'><strong>Εἵήὴ.</strong></span> 
     </span>
     <span class='ocr_line' id='line_1_12' title="bbox 515 2498 2460 2599; baseline -0.003 -18"><span class='ocrx_word' id='word_1_54' title='bbox 515 2505 664 2581; x_wconf 76' lang='lat' dir='ltr'><strong>Ph.</strong></span> <span class='ocrx_word' id='word_1_55' title='bbox 722 2504 865 2579; x_wconf 86' lang='lat' dir='ltr'><strong>bot.</strong></span> <span class='ocrx_word' id='word_1_56' title='bbox 920 2504 980 2599; x_wconf 66' lang='grc' dir='ltr'><strong>ἓ.</strong></span> <span class='ocrx_word' id='word_1_57' title='bbox 1029 2505 1144 2578; x_wconf 87' lang='grc'><strong>80.</strong></span> <span class='ocrx_word' id='word_1_58' title='bbox 1244 2498 1467 2577; x_wconf 83' lang='lat' dir='ltr'><strong>Num</strong></span> <span class='ocrx_word' id='word_1_59' title='bbox 1517 2501 1683 2577; x_wconf 83' lang='lat' dir='ltr'><strong>sola</strong></span> <span class='ocrx_word' id='word_1_60' title='bbox 1737 2503 2101 2580; x_wconf 83' lang='lat' dir='ltr'><strong>alimenta</strong></span> <span class='ocrx_word' id='word_1_61' title='bbox 2153 2500 2460 2578; x_wconf 83' lang='lat' dir='ltr'><strong>haurit?</strong></span> 
     </span>
    </p>

    <p class='ocr_par' dir='ltr' id='par_1_6' title="bbox 512 2614 2572 2947">
     <span class='ocr_line' id='line_1_13' title="bbox 516 2614 2572 2720; baseline -0.002 -25"><span class='ocrx_word' id='word_1_62' title='bbox 516 2646 521 2655; x_wconf 92' lang='lat'><strong>·</strong></span> <span class='ocrx_word' id='word_1_63' title='bbox 684 2614 959 2703; x_wconf 85' lang='lat' dir='ltr'>Radix</span> <span class='ocrx_word' id='word_1_64' title='bbox 1042 2620 1157 2691; x_wconf 88' lang='lat' dir='ltr'><strong>est</strong></span> <span class='ocrx_word' id='word_1_65' title='bbox 1235 2641 1414 2716; x_wconf 90' lang='lat' dir='ltr'><strong>pars</strong></span> <span class='ocrx_word' id='word_1_66' title='bbox 1478 2616 1828 2717; x_wconf 59' lang='lat' dir='ltr'><strong>&#39;plantam&#39;</strong></span> <span class='ocrx_word' id='word_1_67' title='bbox 1886 2642 2088 2720; x_wconf 89' lang='lat' dir='ltr'><strong>quae</strong></span> <span class='ocrx_word' id='word_1_68' title='bbox 2150 2631 2399 2694; x_wconf 88' lang='lat' dir='ltr'><strong>terrae</strong></span> <span class='ocrx_word' id='word_1_69' title='bbox 2448 2618 2572 2691; x_wconf 89' lang='lat' dir='ltr'><strong>in-</strong></span> 
     </span>
     <span class='ocr_line' id='line_1_14' title="bbox 515 2718 2570 2843; baseline -0.002 -32"><span class='ocrx_word' id='word_1_70' title='bbox 515 2736 860 2812; x_wconf 79' lang='lat' dir='ltr'><strong>nascitur</strong></span> <span class='ocrx_word' id='word_1_71' title='bbox 905 2733 1224 2831; x_wconf 75' lang='lat' dir='ltr'><strong>Ludwig</strong></span> <span class='ocrx_word' id='word_1_72' title='bbox 1267 2718 1510 2807; x_wconf 65' lang='lat' dir='ltr'><strong>Instit.</strong></span> <span class='ocrx_word' id='word_1_73' title='bbox 1567 2761 1759 2843; x_wconf 65' lang='lat' dir='ltr'><strong>regn⁸</strong></span> <span class='ocrx_word' id='word_1_74' title='bbox 1818 2746 2023 2832; x_wconf 71' lang='lat' dir='ltr'><strong>veget.</strong></span> <span class='ocrx_word' id='word_1_75' title='bbox 2071 2734 2190 2806; x_wconf 84' lang='grc'><strong>32.</strong></span> <span class='ocrx_word' id='word_1_76' title='bbox 2272 2730 2570 2807; x_wconf 90' lang='lat' dir='ltr'><strong>Lemna</strong></span> 
     </span>
     <span class='ocr_line' id='line_1_15' title="bbox 512 2836 2236 2947; baseline -0.006 -20"><span class='ocrx_word' id='word_1_77' title='bbox 512 2836 754 2927; x_wconf 90' lang='lat' dir='ltr'><strong>hahet</strong></span> <span class='ocrx_word' id='word_1_78' title='bbox 799 2846 1189 2923; x_wconf 84' lang='lat' dir='ltr'><strong>radiculas</strong></span> <span class='ocrx_word' id='word_1_79' title='bbox 1239 2845 1324 2920; x_wconf 90' lang='lat' dir='ltr'><strong>in</strong></span> <span class='ocrx_word' id='word_1_80' title='bbox 1377 2872 1580 2947; x_wconf 88' lang='lat' dir='ltr'><strong>aqua</strong></span> <span class='ocrx_word' id='word_1_81' title='bbox 1629 2844 2236 2947; x_wconf 85' lang='lat' dir='ltr'><strong>propendentes.</strong></span> 
     </span>
    </p>

    <p class='ocr_par' dir='ltr' id='par_1_7' title="bbox 512 2955 2572 3292">
     <span class='ocr_line' id='line_1_16' title="bbox 706 2955 2572 3062; baseline -0.004 -21"><span class='ocrx_word' id='word_1_82' title='bbox 706 2961 959 3041; x_wconf 82' lang='lat' dir='ltr'>Radix</span> <span class='ocrx_word' id='word_1_83' title='bbox 1033 2974 1147 3038; x_wconf 88' lang='lat' dir='ltr'><strong>est</strong></span> <span class='ocrx_word' id='word_1_84' title='bbox 1217 2986 1397 3061; x_wconf 89' lang='lat' dir='ltr'><strong>pars</strong></span> <span class='ocrx_word' id='word_1_85' title='bbox 1478 2961 1786 3062; x_wconf 82' lang='lat' dir='ltr'><strong>plantae</strong></span> <span class='ocrx_word' id='word_1_86' title='bbox 1868 2955 2176 3033; x_wconf 85' lang='lat' dir='ltr'><strong>fibrillis</strong></span> <span class='ocrx_word' id='word_1_87' title='bbox 2260 2956 2572 3034; x_wconf 86' lang='lat' dir='ltr'><strong>obtecta</strong></span> 
     </span>
     <span class='ocr_line' id='line_1_17' title="bbox 515 3072 2566 3173; baseline -0.004 -18"><span class='ocrx_word' id='word_1_88' title='bbox 515 3080 882 3156; x_wconf 83' lang='lat' dir='ltr'><strong>alimenta</strong></span> <span class='ocrx_word' id='word_1_89' title='bbox 933 3076 1412 3173; x_wconf 84' lang='lat' dir='ltr'><strong>sugentibus.</strong></span> <span class='ocrx_word' id='word_1_90' title='bbox 1511 3074 1828 3171; x_wconf 74' lang='lat' dir='ltr'><strong>Hedwr&#39;g</strong></span> <span class='ocrx_word' id='word_1_91' title='bbox 1877 3072 2341 3170; x_wconf 79' lang='lat' dir='ltr'><strong>Sammlung</strong></span> <span class='ocrx_word' id='word_1_92' title='bbox 2382 3074 2566 3147; x_wconf 80' lang='lat' dir='ltr'><strong>sein.</strong></span> 
     </span>
     <span class='ocr_line' id='line_1_18' title="bbox 512 3187 1702 3292; baseline -0.011 -22"><span class='ocrx_word' id='word_1_93' title='bbox 512 3207 877 3270; x_wconf 80' lang='lat' dir='ltr'><strong>zerstreut.</strong></span> <span class='ocrx_word' id='word_1_94' title='bbox 929 3192 1303 3292; x_wconf 74' lang='lat' dir='ltr'><strong>Aussc&#39;itze</strong></span> <span class='ocrx_word' id='word_1_95' title='bbox 1353 3192 1415 3261; x_wconf 87' lang='lat'><strong>1.</strong></span> <span class='ocrx_word' id='word_1_96' title='bbox 1460 3215 1534 3287; x_wconf 85' lang='lat' dir='ltr'><strong>p.</strong></span> <span class='ocrx_word' id='word_1_97' title='bbox 1588 3187 1702 3259; x_wconf 88' lang='lat'><strong>59.</strong></span> 
     </span>
    </p>

    <p class='ocr_par' dir='ltr' id='par_1_8' title="bbox 486 3297 2570 3747">
     <span class='ocr_line' id='line_1_19' title="bbox 705 3297 2570 3400; baseline -0.003 -20"><span class='ocrx_word' id='word_1_98' title='bbox 705 3303 957 3382; x_wconf 86' lang='lat' dir='ltr'>Radix</span> <span class='ocrx_word' id='word_1_99' title='bbox 1021 3316 1136 3377; x_wconf 89' lang='lat' dir='ltr'><strong>est</strong></span> <span class='ocrx_word' id='word_1_100' title='bbox 1193 3325 1370 3400; x_wconf 90' lang='lat' dir='ltr'><strong>pars</strong></span> <span class='ocrx_word' id='word_1_101' title='bbox 1431 3297 1907 3397; x_wconf 88' lang='lat' dir='ltr'><strong>plerumque</strong></span> <span class='ocrx_word' id='word_1_102' title='bbox 1970 3298 2570 3398; x_wconf 87' lang='lat' dir='ltr'><strong>perpendicula-</strong></span> 
     </span>
     <span class='ocr_line' id='line_1_20' title="bbox 513 3410 2569 3503; baseline -0.003 -9"><span class='ocrx_word' id='word_1_103' title='bbox 513 3419 621 3494; x_wconf 89' lang='lat' dir='ltr'><strong>ris</strong></span> <span class='ocrx_word' id='word_1_104' title='bbox 669 3433 890 3503; x_wconf 80' lang='lat' dir='ltr'><strong>tereS‚</strong></span> <span class='ocrx_word' id='word_1_105' title='bbox 940 3412 1245 3489; x_wconf 88' lang='lat' dir='ltr'><strong>inferne</strong></span> <span class='ocrx_word' id='word_1_106' title='bbox 1298 3424 1687 3487; x_wconf 83' lang='lat' dir='ltr'><strong>attenuata</strong></span> <span class='ocrx_word' id='word_1_107' title='bbox 1739 3410 1910 3486; x_wconf 89' lang='lat' dir='ltr'><strong>alba</strong></span> <span class='ocrx_word' id='word_1_108' title='bbox 1947 3425 2082 3487; x_wconf 88' lang='lat' dir='ltr'><strong>aut</strong></span> <span class='ocrx_word' id='word_1_109' title='bbox 2111 3410 2350 3500; x_wconf 86' lang='lat' dir='ltr'><strong>fusca,</strong></span> <span class='ocrx_word' id='word_1_110' title='bbox 2397 3413 2569 3489; x_wconf 90' lang='lat' dir='ltr'><strong>basi</strong></span> 
     </span>
     <span class='ocr_line' id='line_1_21' title="bbox 486 3516 2566 3628; baseline -0.004 -19"><span class='ocrx_word' id='word_1_111' title='bbox 486 3531 758 3628; x_wconf 32' lang='lat' dir='ltr'><strong>‘caulis</strong></span> <span class='ocrx_word' id='word_1_112' title='bbox 805 3516 1194 3628; x_wconf 72' lang='lat' dir='ltr'><strong>ifnposita.</strong></span> <span class='ocrx_word' id='word_1_113' title='bbox 1301 3526 1740 3603; x_wconf 74' lang='lat' dir='ltr'><strong>Bernhardi</strong></span> <span class='ocrx_word' id='word_1_114' title='bbox 1777 3525 2054 3602; x_wconf 84' lang='lat' dir='ltr'><strong>Anleit.</strong></span> <span class='ocrx_word' id='word_1_115' title='bbox 2106 3557 2167 3600; x_wconf 87' lang='lat' dir='ltr'><strong>z.</strong></span> <span class='ocrx_word' id='word_1_116' title='bbox 2232 3524 2566 3601; x_wconf 85' lang='lat' dir='ltr'><strong>Kenntn.</strong></span> 
     </span>
     <span class='ocr_line' id='line_1_22' title="bbox 517 3645 1082 3747; baseline -0.014 -24"><span class='ocrx_word' id='word_1_117' title='bbox 517 3650 588 3723; x_wconf 86' lang='lat' dir='ltr'><strong>d.</strong></span> <span class='ocrx_word' id='word_1_118' title='bbox 643 3646 796 3747; x_wconf 86' lang='lat' dir='ltr'><strong>Pfl.</strong></span> <span class='ocrx_word' id='word_1_119' title='bbox 841 3672 914 3744; x_wconf 85' lang='lat' dir='ltr'><strong>p.</strong></span> <span class='ocrx_word' id='word_1_120' title='bbox 967 3645 1082 3718; x_wconf 86' lang='grc'><strong>82.</strong></span> 
     </span>
    </p>

    <p class='ocr_par' dir='ltr' id='par_1_9' title="bbox 516 3753 2576 4066">
     <span class='ocr_line' id='line_1_23' title="bbox 707 3753 2567 3856; baseline -0.005 -21"><span class='ocrx_word' id='word_1_121' title='bbox 707 3756 959 3836; x_wconf 87' lang='lat' dir='ltr'>Radix</span> <span class='ocrx_word' id='word_1_122' title='bbox 1010 3769 1123 3831; x_wconf 79' lang='lat' dir='ltr'><strong>est</strong></span> <span class='ocrx_word' id='word_1_123' title='bbox 1170 3753 1503 3831; x_wconf 86' lang='lat' dir='ltr'><strong>inferior</strong></span> <span class='ocrx_word' id='word_1_124' title='bbox 1549 3755 1858 3856; x_wconf 84' lang='lat' dir='ltr'><strong>plantae</strong></span> <span class='ocrx_word' id='word_1_125' title='bbox 1907 3776 2123 3853; x_wconf 79' lang='lat' dir='ltr'><strong>parS,</strong></span> <span class='ocrx_word' id='word_1_126' title='bbox 2176 3776 2378 3854; x_wconf 89' lang='lat' dir='ltr'><strong>quae</strong></span> <span class='ocrx_word' id='word_1_127' title='bbox 2413 3753 2567 3827; x_wconf 85' lang='lat' dir='ltr'><strong>sub</strong></span> 
     </span>
     <span class='ocr_line' id='line_1_24' title="bbox 516 3868 2572 3974; baseline -0.008 -22"><span class='ocrx_word' id='word_1_128' title='bbox 516 3892 718 3952; x_wconf 86' lang='lat' dir='ltr'><strong>terra</strong></span> <span class='ocrx_word' id='word_1_129' title='bbox 767 3872 1241 3974; x_wconf 87' lang='lat' dir='ltr'><strong>plerumque</strong></span> <span class='ocrx_word' id='word_1_130' title='bbox 1293 3868 1644 3955; x_wconf 79' lang='lat' dir='ltr'><strong>condita,</strong></span> <span class='ocrx_word' id='word_1_131' title='bbox 1710 3891 2022 3966; x_wconf 85' lang='lat' dir='ltr'><strong>semper</strong></span> <span class='ocrx_word' id='word_1_132' title='bbox 2068 3890 2336 3940; x_wconf 88' lang='lat' dir='ltr'><strong>versus</strong></span> <span class='ocrx_word' id='word_1_133' title='bbox 2390 3889 2572 3939; x_wconf 86' lang='lat' dir='ltr'><strong>cen-</strong></span> 
     </span>
     <span class='ocr_line' id='line_1_25' title="bbox 516 3980 2576 4066; baseline -0.005 0"><span class='ocrx_word' id='word_1_134' title='bbox 516 4006 732 4066; x_wconf 79' lang='lat' dir='ltr'><strong>trum</strong></span> <span class='ocrx_word' id='word_1_135' title='bbox 795 4001 1045 4063; x_wconf 84' lang='lat' dir='ltr'><strong>terrae</strong></span> <span class='ocrx_word' id='word_1_136' title='bbox 1099 3983 1578 4060; x_wconf 87' lang='lat' dir='ltr'><strong>descendere</strong></span> <span class='ocrx_word' id='word_1_137' title='bbox 1627 3981 1918 4056; x_wconf 86' lang='lat' dir='ltr'><strong>nititur.</strong></span> <span class='ocrx_word' id='word_1_138' title='bbox 2017 3980 2145 4055; x_wconf 80' lang='lat' dir='ltr'><strong>De</strong></span> <span class='ocrx_word' id='word_1_139' title='bbox 2201 3980 2576 4055; x_wconf 81' lang='lat' dir='ltr'><strong>Candolle</strong></span> 
     </span>
    </p>
   </div>
   <div class='ocr_carea' id='block_1_6' title="bbox 526 4094 2544 4197">
    <p class='ocr_par' dir='ltr' id='par_1_10' title="bbox 526 4094 2544 4197">
     <span class='ocr_line' id='line_1_26' title="bbox 526 4094 2544 4197; baseline -0.008 -17"><span class='ocrx_word' id='word_1_140' title='bbox 526 4105 856 4197; x_wconf 75' lang='lat' dir='ltr'><strong>Theoret.</strong></span> <span class='ocrx_word' id='word_1_141' title='bbox 888 4103 1168 4178; x_wconf 82' lang='lat' dir='ltr'><strong>Botan.</strong></span> <span class='ocrx_word' id='word_1_142' title='bbox 1210 4101 1432 4176; x_wconf 75' lang='lat' dir='ltr'><strong>versio</strong></span> <span class='ocrx_word' id='word_1_143' title='bbox 1467 4096 1830 4172; x_wconf 75' lang='lat' dir='ltr'><strong>Boenaerz&#39;.</strong></span> <span class='ocrx_word' id='word_1_144' title='bbox 1876 4096 1959 4169; x_wconf 90' lang='lat' dir='ltr'><strong>T.</strong></span> <span class='ocrx_word' id='word_1_145' title='bbox 1988 4096 2054 4168; x_wconf 84' lang='grc'><strong>2.</strong></span> <span class='ocrx_word' id='word_1_146' title='bbox 2068 4097 2151 4195; x_wconf 84' lang='lat' dir='ltr'><em>s</em></span> <span class='ocrx_word' id='word_1_147' title='bbox 2181 4096 2249 4169; x_wconf 77' lang='lat'><strong>2.</strong></span> <span class='ocrx_word' id='word_1_148' title='bbox 2272 4121 2346 4192; x_wconf 87' lang='lat' dir='ltr'><strong>p.</strong></span> <span class='ocrx_word' id='word_1_149' title='bbox 2377 4094 2544 4167; x_wconf 83' lang='lat'><strong>483.</strong></span> 
     </span>
    </p>
   </div>
  </div>
 </body>
</html>
