2843 4800
524 317 667 394 162
921 391 932 418 ,
1327 314 1764 391 CAULls.

523 515 673 589 nisi
725 514 809 587 in
864 509 1187 588 Cacaliis
1241 508 1569 661 aliisque
1621 510 2107 634 Compositis
2165 509 2581 584 succulen-

524 629 622 704 tis
673 627 934 702 visum
986 637 1116 698 est.

718 742 810 815 In
878 737 1676 836 Monocotyledoneis
1738 738 1989 813 rarius
2071 739 2578 814 succulentus

528 853 618 929 fit
690 852 932 927 caulis
1015 866 1091 927 et
1152 865 1345 928 tunc-
1415 866 1589 928 toto
1662 852 2270 953 parenchymate
2345 865 2581 927 aucto
2623 876 2640 882 Q

526 963 1017 1067 expanditur.
1134 964 1481 1061 vaginae
1543 990 1730 1042 cum
1813 967 2034 1041 caule
2118 966 2580 1042 succulento
2648 997 2654 1001 ·

531 1093 911 1157 connatae
954 1077 1407 1176 singulares
1445 1077 1762 1155 formas
1806 1080 2090 1155 sistunt
2133 1077 2578 1180 Epidendri

529 1193 945 1286 cochleati,
1014 1218 1219 1295 quae
1287 1193 1387 1269 ad
1453 1193 1802 1270 formam
1864 1194 2289 1270 bulbosam
2342 1191 2586 1294 caulis

526 1311 953 1385 transeunt.
1218 1330 1224 1336 ·

704 1418 1070 1497 Medulla
1136 1421 1222 1495 in
1283 1419 1699 1522 permultis
1769 1421 2127 1497 caulibus
2174 1360 2458 1496 fatiscit
2487 1432 2588 1495 et

526 1535 991 1624 exsiccatur,
1040 1535 1143 1611 ita
1206 1549 1319 1611 ut
1356 1535 1603 1626 caulis
1668 1559 1898 1636 saepe
1948 1533 2113 1612 fere
2172 1532 2585 1610 fistulosus

531 1650 686 1725 fiat.
798 1643 1243 1754 Fistulosus
1311 1673 1644 1752 quoque
1703 1646 1798 1723 fit
1859 1645 2138 1739 caulis,
2201 1649 2401 1725 dum
2450 1674 2586 1749 pa-

529 1764 762 1838 rietes
822 1747 1236 1840 interiores
1300 1762 1699 1839 secedunt.
1808 1747 2293 1860 Huiusmodi
2345 1761 2586 1838 caulis

531 1874 849 1976 juniore
925 1891 1169 1953 aetate
1251 1875 1559 1952 solidus
1636 1889 1769 1951 est.
1898 1876 2370 1954 Interdum·
2394 1901 2586 1951 vero

529 1991 793 2068 fistula
841 1985 1156 2088 juniore
1207 2003 1452 2066 aetate
1501 1988 1659 2089 jam
1711 1988 1948 2078 adest,
2001 2005 2077 2066 et
2127 2004 2371 2067 aetate
2417 2004 2590 2068 tana

531 2120 710 2181 tum
737 2115 1109 2256 augetur.
1195 2102 1350 2181 Cfr.
1399 2107 1517 2183 57.
2391 2129 2396 2140 ·
2533 2121 2572 2161 ·¹

526 2339 737 2465 99
803 2338 1183 2429 Altera
1225 2338 1531 2430 caulis
1608 2337 2383 2501 anamorphosis
2474 2317 2591 2428 fit

652 2458 763 2568 in
828 2458 1325 2569 Caulibus
1410 2462 2126 2582 subterraneis,
2183 2479 2382 2665 qui
2464 2496 2592 2570 tu-

605 2621 958 2709 berosi
1015 2614 1473 2715 evadunt.

588 2788 603 2805 '
726 2786 1132 2875 StoloneS,
1190 2786 1333 2888 ‘qui
1396 2781 1547 2893 sub
1594 2800 1798 2866 terra
1848 2796 2356 2891 proserpunt,
2408 2784 2591 2889 alie-

534 2908 755 2978 nam'2
788 2900 1073 2977 faciem
1139 2902 1883 3002 semper‘induunt.
1981 2902 2249 2978 Minus
2301 2900 2590 2978 virides

535 3016 751 3103 sunt,
805 3013 1007 3091 folia
1056 3014 1281 3090 haud'
1341 3014 1680 3116 perfecta
1731 3028 2045 3113 gerunt,
2091 3013 2237 3088 sed
2286 3017 2590 3104 mutila,

536 3134 672 3219 aut
734 3134 1058 3205 eksucca
1120 3127 1533 3227 (vaginas)
1597 3138 1730 3202 aut
1804 3127 2287 3227 succulenta,
2369 3146 2589 3228 gem-

532 3250 752 3317 'mam
818 3242 1057 3342 apicis
1116 3241 1342 3316 valde
1394 3244 1719 3315 'acutam
1784 3254 1864 3315 et
1925 3241 2316 3320 radiculas
2364 3262 2590 3345 prae*-

534 3354 802 3430 sertim
855 3354 955 3429 ad
1007 3352 1302 3455 nodos,
1350 3363 1526 3427 tum
1564 3358 1907 3455 'quoque
1956 3356 2042 3431 in
2090 3355 2588 3434 internodiis.

536 3465 908 3543 S'e‘d‘hae
969 3467 1449 3542 mutationes
1495 3472 1809 3543 'tantum
1857 3467 2051 3546 folia
2104 3479 2181 3547 et
2209 3470 2587 3546 'colorem

534 3581 891 3666 attinent,
957 3604 1102 3654 nec
1169 3579 1477 3655 caulem
1524 3580 1814 3680 ipsum.
1920 3586 2163 3660 Carex
2214 3584 2588 3672 arenaria,

532 3694 919 3772 Triticum
1002 3715 1318 3794 repens,
1401 3695 1771 3772 Lamium
1831 3696 2133 3774 album
2225 3696 2584 3798 'exempla

528 3808 925 3910 praebent.
1392 3846 1393 3849 =

722 3920 976 3997 Simili
1026 3920 1280 3997 modo
1333 3924 1745 3999 mutantur
1795 3923 2054 3999 caules
2107 3925 2280 4026 ipsi,
2333 3950 2585 4026 quan-

528 4036 702 4111 tum
724 4076 727 4085 ·
750 4036 904 4111 sub
953 4050 1179 4112 terra·
1210 4040 1343 4114 ‘alit
1392 4038 1543 4113 sub
1597 4062 1798 4138 aqua
1852 4032 2192 4114 d'e'n'rersi
2245 4052 2446 4114 sunt.
