2843 4800
530 336 677 413 466
906 292 910 303 ’
1099 328 2021 410 PHYTo'rRomA.

535 510 776 633 2380
864 533 1024 627 Ad
1086 537 1392 636 media,
1463 536 1826 655 quibus
1891 532 2419 669 perficitur
2489 564 2610 626 ea

654 676 1077 768 mutatio
1207 677 1547 793 primo
1687 678 1917 768 loco
2057 673 2604 797 referenda

659 831 894 910 sunt
955 817 1522 935 mechanica.
1675 836 1688 845 ‘

725 991 945 1068 Cum
1005 985 1318 1088 plantae
1392 999 1807 1083 systemata
1868 984 2248 1063 continua
2307 985 2433 1062 uti
2483 1010 2601 1059 va-

537 1128 819 1184 sorum
892 1098 1535 1199 sanguiferorum
1599 1115 1677 1176 et
1737 1125 2172 1186 nervorum
2232 1125 2410 1205 non
2475 1098 2610 1174 ha-

536 1220 810 1306 beant,
858 1213 1149 1291 melius
1198 1215 1724 1292 resectionem
1773 1216 2122 1316 partium
2171 1214 2606 1316 patiuntur,

541 1356 786 1434 quam
836 1325 1247 1405 animalia.

730 1443 1206 1522 Resectione
1265 1443 1615 1546 partium
1675 1468 1860 1520 wnon
1925 1442 2193 1521 solum
2255 1441 2604 1519 formam

539 1557 856 1661 plantae⁴
950 1557 1410 1635 mechanice
1508 1572 1950 1645 mutamuS‚
2050 1555 2188 1633 sed
2274 1580 2604 1658 quoque

542 1670 946 1748 crescendi
997 1673 1267 1748 nisum
1319 1672 1756 1770 dirigimus,

544 1848 549 1853 .
592 1860 597 1865 ,
736 1785 1005 1863 Morbi
1104 1785 1554 1887 plantarum
1651 1785 1819 1862 fere
1919 1808 2202 1862 omnes
2318 1783 2604 1860 locales

545 1916 781 1981 sunt„
874 1905 1168 1977 Totam
1241 1900 1593 2001 plantam
1662 1900 2105 2000 corripiunt
2172 1896 2612 1975 infectione·

547 2014 930 2118 quadam;
981 2012 1123 2090 sed
1172 2013 1381 2089 lente
1434 2027 1511 2089 et
1560 2040 1602 2088 a
1652 2028 1871 2115 parte
1923 2012 2024 2090 ad
2073 2027 2379 2115 partem
2425 2037 2610 2113 pro—

517 2128 948 2213 medentes,
1023 2150 1170 2201 nec
1237 2127 1502 2201 subito
1554 2151 1697 2226 per
1755 2141 2008 2202 totam
2055 2126 2408 2227 plantam
2464 2125 2614 2203 dif-

546 2242 739 2323 fusia·
836 2241 1041 2317 Hinc
1093 2238 1345 2313 culter
1391 2239 1798 2339 optimum
1844 2240 2298 2318 remedium
2351 2256 2470 2318 est
2527 2241 2611 2315 in

548 2356 834 2459 plantis
858 2456 863 2460 ἡ
887 2351 1490 2438 adhibendum„
2203 2384 2206 2389 ·

554 2609 756 2701 239.
882 2609 1076 2698 Soli
1161 2609 1940 2728 praeparatione
2033 2585 2602 2727 saepissime

600 2748 1067 2896 plantas
1130 2761 1658 2880 mutamus,

698 2917 1227 2998 stercoratio
1293 2941 1673 3050 agrorum
1734 2919 1896 2996 huc
1941 2918 2303 3020 pertinet.
2405 2919 2612 2998 Cum

551 3060 740 3112 vero
807 3031 1152 3138 putredo
1219 3032 1456 3108 nobis
1504 3033 1840 3109 minime
1889 3034 2201 3134 cognita
2248 3034 2380 3123 sit,
2429 3061 2618 3113 cum

486 3153 487 3156 ‘
552 3147 932 3236 modum,
1008 3170 1176 3247 quo
1237 3146 1550 3249 plantae
1614 3147 1985 3225 alimenta
2047 3148 2480 3252 suscipiant
2542 3165 2617 3228 et

554 3265 762 3341 inter
808 3259 1410 3361 suscipiendum
1459 3269 1807 3351 mutent,
1854 3263 2342 3361 ignoremUS,
2390 3262 2617 3340 theo-

556 3376 671 3456 ria
721 3372 961 3470 hujus
1010 3374 1125 3449 rei
1179 3372 1651 3452 difficillima
1701 3390 1832 3453 est.
2333 3439 2336 3442 .

742 3485 975 3565 Idem
1027 3487 1291 3578 dicere
1336 3488 1517 3563 licet
1569 3487 1671 3565 de
1719 3490 1870 3566 soli
1923 3492 2418 3577 correctione
2457 3517 2614 3595 ope

552 3625 904 3700 margae‚
958 3601 1218 3691 calcis,
1280 3602 1537 3679 sabuli
1601 3604 2100 3709 aliarumque
2146 3630 2421 3683 rerum
2468 3608 2615 3683 mi·

556 3714 979 3802 neralium‚
1063 3716 1212 3791 nisi
1298 3730 1530 3819 putes
1622 3719 1880 3796 natale
1959 3719 2228 3855 solum
2305 3722 2612 3822 plantae

557 3829 807 3906 reddi.

750 3944 1035 4039 Quiete
1107 3909 1483 4023 meliores
1565 3943 1776 4025 fiunt
1837 3949 2001 4048 agri
2072 3962 2150 4026 et
2213 3949 2613 4027 seminum

551 4058 1013 4136 mutatione.
1135 4065 1428 4139 Putant
1506 4062 1808 4164 plantas
1891 4064 2193 4141 semina
2274 4064 2612 4141 ferentes
