2843 4800
486 352 537 437 ἦ
1060 344 1943 444 INTRODUc-TIO.

484 559 754 638 larum·
791 558 1121 642 istarum
1169 576 1565 638 concursu
1607 560 2034 665 productas
2069 560 2525 648 describunt

487 675 985 774 Mineralogi,
1032 673 1445 752 individua
1495 675 1649 751 dici
1697 692 2148 779 nequeunt„

674 793 888 865 Inter
936 788 1382 886 crystallum
1429 788 1853 888 perfectam
1907 806 1984 869 et
2027 791 2318 869 rudem
2371 780 2520 872 mi-

479 902 870 981 neralium
947 900 1252 1009 molem
1314 901 1572 977 varios
1630 900 1994 987 videmus
2052 907 2340 1003 gradus
2399 910 2520 983 in-

479 1015 928 1092 termedios.
1020 1018 1171 1091 Et
1208 1039 1496 1116 corpus
1560 1016 2022 1113 organicum
2084 1043 2156 1094 e
2174 1022 2514 1098 minimo

482 1130 837 1228 germine
880 1142 1269 1239 exortum,
1317 1126 1680 1230 undique
1728 1128 2138 1205 materiam
2187 1134 2515 1225 attrahit,

483 1254 653 1348 qua
688 1232 1065 1323 nutritur·
1076 1230 1159 1318 et
1198 1228 1499 1319 crescit.
1596 1240 2057 1318 Manifestus
2108 1258 2223 1320 est
2276 1247 2518 1345 igitur

482 1358 702 1432 nis‘us
769 1353 871 1430 ad
932 1353 1433 1434 individuam
1498 1360 1882 1430 naturam.
2011 1361 2196 1433 Non
2248 1359 2516 1438 solum

435 1508 441 1513 ·
480 1470 685 1547 inter
733 1493 1103 1572 corpora,
1154 1468 1295 1544 sed
1337 1468 1425 1541 in
1470 1467 1737 1543 animo
1754 1465 2141 1545 humano
2190 1497 2515 1575 quoque

478 1570 827 1679 eundem
876 1581 1572 1659 animadvertimus
1615 1582 1903 1657 nisum.
1955 1586 2262 1661 Omnia
2299 1588 2513 1662 enim

472 1674 866 1772 individui
924 1698 1170 1788 instar
1233 1694 1672 1772 describere
1703 1696 1805 1777 in
1857 1710 2037 1786 arte,
2090 1700 2360 1776 omnia
2410 1699 2511 1776 ad

471 1833 735 1889 unum
781 1809 1074 1886 referre
1123 1811 1208 1884 in
1258 1810 1578 1887 scientia
1629 1806 1894 1884 studet
1940 1812 2270 1886 animus.

663 1928 949 2022 Magna
1016 1947 1107 2007 ex
1166 1923 1318 1996 isto
1378 1923 1565 1997 nisu
1626 1922 1882 2014 oritur
1926 1922 2011 1996 in
2062 1938 2338 1999 natura
2384 1951 2512 2003 va-

466 2026 716 2114 rietas.
836 2004 1303 2151 Numquam
1381 2033 1595 2110 filius
1665 2036 1969 2165 parenti
2044 2036 2511 2133 simillimuS,

465 2133 617 2226 nec·
660 2140 1065 2257 infantum
1100 2144 1366 2225 forma
1414 2172 1461 2224 e
1507 2148 1746 2249 patris
1797 2161 1876 2224 et
1918 2150 2189 2225 matris
2248 2150 2509 2231 forma

467 2250 823 2343 accurate
909 2240 1345 2360 conjuncta.
1453 2261 1819 2337 Nullum
1916 2261 2210 2340 folium
2292 2267 2507 2343 alteri

466 2374 825 2488 ejusdem
887 2375 1190 2458 arboris
1248 2374 1483 2488 plane
1546 2374 1830 2464 simile,
1904 2377 2161 2455 multo
2237 2382 2508 2480 minus

434 2473 663 2570 ‘folio
723 2479 924 2568 alius
991 2480 1313 2564 arboris
1430 2489 1866 2584 Quodlibet
1930 2516 2219 2593 corpus
2285 2507 2508 2571 natu-

462 2601 632 2685 rale
686 2630 830 2706 per
888 2627 974 2678 se
1028 2601 1135 2677 ab
1194 2602 1369 2678 aliis
1431 2600 1876 2700 sejunctum
1926 2620 2003 2682 et
2053 2605 2508 2684 distinctum

464 2715 785 2820 existere
834 2708 1115 2822 studet.

559 2843 565 2856 '
634 2832 1112 2932 'Corporum
1175 2832 1655 2910 naturalium
1711 2837 2224 2937 proprietates
2272 2860 2505 2934 gene-

457 2945 658 3046 rales
704 2940 1043 3049 Physica
1092 2948 1690 3049 contemplatur,
1738 2973 1884 3024 nec
1934 2971 2100 3042 non
2157 2948 2501 3056 calorem
2576 2991 2579 2995 ι

459 3061 540 3136 et
578 3057 1251 3149 ‘electricitatem‘,‚
1318 3062 1504 3164 quia
1582 3062 1901 3161 ubiques
1964 3060 2500 3160 reperiuntur3

456 3173 1100 3272 magnetismum,
1195 3173 1383 3273 quia
1475 3195 1798 3270 magnes
1875 3172 2177 3276 ubique
2262 3173 2501 3274 polos

456 3307 648 3366 suos
726 3284 1071 3401 dirigit.
1171 3278 1559 3386 Speciales
1648 3283 1959 3360 Chemia
2031 3286 2499 3363 considerat.
2579 3319 2582 3320 f

453 3399 824 3477 Materiae
911 3398 1127 3473 enim
1210 3397 1610 3473 chemicae
1694 3397 2026 3476 minime
2101 3400 2497 3498 generales

455 3527 672 3601 sunt,
744 3511 1080 3586 minime
1146 3534 1475 3612 quoque
1538 3535 1629 3586 ex
1684 3510 2117 3589 individuis
2167 3537 2495 3613 compo-

454 3615 674 3711 sitam
744 3625 1082 3702 acidum
1154 3624 1372 3700 enim
1445 3623 1997 3725 sulphuricum
2068 3624 2285 3701 idem
2360 3639 2494 3713 est,

454 3738 875 3841 quomodo
940 3737 1349 3840 paraveris.
1463 3738 1808 3816 His-toria
1868 3740 2239 3816 naturalis·
2286 3738 2494 3813 indi-

449 3851 710 3929 viduis
773 3852 1080 3938 nititur;
1142 3850 1500 3954 quamvis
1550 3853 1765 3928 enim
1814 3854 2138 3954 specieS,
2187 3874 2488 3949 genera,

451 3965 774 4048 ordines
836 3965 1446 4067 contempletur,
1507 3989 1826 4066 semper
1881 3978 2149 4042 tamen
2218 3961 2319 4039 ad
2367 3963 2487 4037 in·
2587 3971 2590 3974 ’

448 4077 769 4157 dividua
814 4078 1040 4158 redit.
