2843 4800
884 329 1630 420 STRUCTURA
2187 335 2285 410 95

243 571 428 627 num
503 540 997 623 Casum-inae.
1123 536 1281 620 Cfr.
1355 557 1545 619 vero
1626 537 1902 616 Kieser
1978 533 2286 632 Phytot

241 693 314 768 p.
355 662 517 737 102.
930 687 943 700 ³
1675 662 1688 672 ⁴
1789 701 1796 706 -

243 951 375 1043 61.
433 1049 441 1061 ,
503 943 872 1052 Tubuli
956 940 1373 1061 spirales
1427 942 1766 1064 “varias
1853 941 2287 1066 subeunt
2414 1019 2424 1029 .

350 1085 965 1213 mutatignes
989 1154 1008 1184 ‚
1103 1080 1377 1173 unde
1439 1065 1689 1211 *vasu
1785 1083 1928 1179 sic
2027 1068 2293 1174 dicta

350 1227 1056 1343 scalarffornu’a,
1106 1215 1145 1278 Ὗ
1160 1255 1536 1356 ρονοὲρμ
1615 1238 1716 1314 et
1828 1230 2330 1335 'articulata⁴

356 1368 864 1495 oriuntur,
925 1371 1236 1482 spuria
1295 1362 1778 1456 vocanda.

423 1555 907 1653 Mutationes
969 1571 1206 1647 hasce
1268 1571 1592 1648 nonnisi
1658 1573 1744 1647 in
1794 1571 1993 1647 vasis
2039 1571 2292 1673 majo-

235 1689 453 1766 ribus
526 1690 677 1765 rite
753 1687 1210 1786 conspicere
1270 1685 1469 1762 licet.
1581 1685 2057 1787 Exemplum
2107 1714 2294 1789 pro-

236 1804 468 1908 posui
538 1826 583 1878 e
645 1800 1047 1877 radicibus
1111 1799 1509 1875 tuberosis
1576 1800 2005 1877 Strelitziae
2063 1804 2297 1900 Regi-

234 1943 383 1995 nae
443 1889 749 1993 Tafis.
801 1917 914 1989 18.
967 1918 1081 1989 19.
1133 1927 1208 1988 et
1256 1916 1385 1988 20.2
1428 1919 1515 1990 T.
1548 1905 1618 2006 z
1667 1914 1718 1991 f.
1752 1918 1867 1991 22.
1916 1915 2297 2017 aliudque

237 2030 552 2130 adjunxi
604 2054 648 2107 e
700 2028 923 2105 caule
974 2028 1188 2104 Cacti
1240 2029 1667 2130 serpentini
1723 2033 1811 2105 T.
1854 2016 2030 2130 uf.
2079 2034 2197 2106 21.

429 2144 827 2225 Oriuntur
871 2143 1138 2245 primo
1189 2141 1374 2219 loco
1429 2142 1922 2221 dilatationes
1970 2145 2297 2225 tubulo-

216 2285 453 2350 ¹rum,
533 2259 781 2334 instar
841 2256 1367 2333 vesicularum
1432 2283 1556 2345 aa,
1632 2260 1863 2337 variis
1927 2260 2013 2334 in
2079 2260 2303 2351 lociS,-

233 2358 553 2477 semper
645 2397 837 2450 vero
929 2371 1013 2445 in
1112 2373 1466 2470 seriebus
1562 2372 2297 2473 longitudinalibus;

235 2494 451 2567 Sunt
499 2489 719 2589 quasi
769 2484 1383 2587 ramificationes
1431 2487 1939 2587 imperfectae
1991 2504 2067 2567 et
2130 2491 2296 2568 vidi

227 2602 623 2681 tubulum
683 2626 1092 2689 ramosum
1157 2601 1211 2675 b
1260 2594 1479 2677 hisce
1525 2602 1889 2706 vesi-culis
1937 2606 2300 2706 proxime

232 2715 726 2820 adpositum.
800 2709 1091 2818 ‘Saepe
1148 2716 1234 2790 in
1288 2715 1568 2792 eadem
1619 2717 1819 2793 serie
1866 2718 2127 2794 tubuli
2178 2722 2301 2796 in-

227 2828 848 2932 terrumpuntur
910 2831 1209 2930 absque
1270 2831 1639 2931 vesiculis
1702 2831 2298 2934 interpositis‘c.

231 2946 635 3025 Coalescit
680 2943 1011 3020 tubulus
1063 2943 1431 3044 superior
1482 2969 1666 3019 cum
1716 2943 2114 3034 inferiore,
2168 2963 2305 3024 aut

226 3061 323 3135 in
377 3059 751 3137 alterutro
803 3058 1042 3135 latere
1098 3058 1168 3143 d,
1223 3072 1357 3133 aut
1403 3058 1487 3132 in
1536 3072 1885 3158 utroque
1939 3083 1999 3134 e.
2096 3062 2303 3136 Hinc

208 3166 614 3250 'oriuntur
661 3160 910 3249 fibrae
951 3170 1566 3270 longitudinales
1599 3168 1649 3245 f.
1723 3172 2131 3250 Habemus
2162 3176 2307 3274 igi-

222 3301 376 3364 tur
446 3286 622 3364 loca
696 3286 1091 3389 pellucida
1159 3311 1250 3363 ex
1313 3286 1750 3363 interstitiis
1826 3288 2307 3395 tubulorum

222 3425 339 3501 gg
414 3400 792 3490 oriunda,
866 3401 1255 3478 habemus
1340 3401 1486 3477 alia
1563 3427 1653 3477 ex
1732 3402 1925 3504 ipsis
2004 3405 2305 3483 tubulis

203 3498 411 3592 'orta
496 3541 606 3590 aa.
759 3516 1122 3592 Tandem
1217 3542 1260 3591 e
1351 3516 1652 3591 tubulis
1715 3521 2304 3597 tantummodo

220 3644 532 3731 puncta
598 3645 1053 3731 supersunt,
1123 3632 1414 3731 quibus
1483 3635 2124 3710 evanescentibus
2172 3659 2304 3710 vas

222 3743 541 3843 spirale-
614 3771 657 3819 a
732 3743 1037 3822 fibroso
1124 3768 1351 3841 aegre
1428 3737 1957 3840 distinguitur.
2086 3752 2305 3823 Tum

218 3855 659 3933 manifesta
721 3857 813 3935 fit
872 3859 1339 3935 membrana
1397 3859 1510 3933 ob
1561 3859 2179 3960 pelluciditatem
2232 3873 2309 3937 et

216 3972 775 4061 teneritatem,
844 3974 1265 4048 aliassnon
1329 3972 1435 4047 ita
1500 3971 1726 4049 facile
1794 3971 2316 4052 observanda:

215 4087 443 4163 Vasa
491 4088 578 4163 in
631 4084 908 4185 figuris
961 4085 1297 4163 exhibita
1349 4087 1690 4164 maxima
1744 4100 1993 4176 erant,
2058 4087 2167 4166 ita
2216 4103 2309 4165 ut
