2843 4800
380 297 635 406 ‘'fflm
983 373 994 448 4
1220 326 1796 416 FRUcTus

490 528 763 602 saltem
810 526 895 601 in
943 525 1267 601 latinam
1316 511 1672 624 linguam
1705 529 1873 602 non'
1907 523 2309 616 vertendo,
2349 551 2545 603 cum
2601 619 2606 626 .

491 656 762 717 contr-1
837 640 1279 737 analogiam
1352 637 1688 715 fictum
1707 643 1839 729 sit,
1921 643 2371 717 nonenim
2422 668 2546 719 se-

488 782 677 831 men
742 767 888 843 est,
948 779 1095 829 nec
1156 754 1440 829 semini
1477 754 1949 909 analogum.
2073 747 2544 859 Sporopho-
2671 783 2674 784 ⁷

399 966 411 973 ·
489 895 672 946 rum
723 866 881 965 jam
933 868 1247 944 dudum
1295 863 1588 943 vocavi.
2145 884 2149 888 ⁴

686 986 1012 1060 Constat
1095 1005 1137 1056 e
1225 979 1601 1057 fasciculo
1697 982 2013 1079 lignoso
2086 983 2328 1060 unico
2396 975 2544 1062 'aut

489 1096 853 1199 pluribus
948 1087 1556 1199 parenchymate
1653 1097 2045 1187 connatis,
2144 1097 2543 1184 ambiente

492 1235 823 1312 quoque
856 1209 1524 1324 parenchymate
1594 1213 1684 1286 In
1738 1212 2289 1312 sporophoro
2299 1212 2363 1286 si
2406 1194 2544 1287 ad-

493 1340 633 1413 est,
709 1350 1022 1427 semper
1090 1315 1326 1399 video
1400 1321 1578 1407 vasa
1664 1322 1961 1399 fibrosa
2053 1338 2129 1401 et
2210 1326 2543 1425 spiralia.

489 1444 676 1516 Non
739 1439 944 1515 bene
1003 1438 1242 1536 igitur
1303 1436 1649 1514 Richard
1716 1439 1810 1535 (l.
1875 1438 1984 1534 c.)
2052 1462 2349 1513 nexum
2424 1464 2544 1514 se-

489 1555 806 1628 minum
868 1554 955 1627 in
1021 1542 1546 1653 sporophoris
1618 1577 1803 1626 cum
1868 1576 2079 1627 nexu
2138 1552 2545 1628 seminum

490 1691 670 1742 vere
717 1666 1213 1768 parietalium
1263 1664 1648 1742 confudit.

674 1785 778 1857 In
828 1778 1100 1855 multis
1151 1780 1755 1910 sporophorum
1808 1763 2320 1856 columellam
2356 1792 2548 1866 con-

493 1895 745 1971 stituit
800 1894 886 1968 in
949 1891 1221 1970 medio
1284 1918 1499 1993 peric
1504 1919 1720 1993 lrpn
1824 1897 2227 1970 Structura
2278 1918 2548 1995 recep-

495 2009 760 2084 taculo
855 2007 1080 2083 floris
1159 2006 1487 2103 analoga
1555 2022 1670 2081 est
1746 2033 1789 2084 e
1885 2007 2273 2083 fasciculis
2356 2033 2551 2084 con-

494 2136 703 2195 stans
752 2120 1079 2218 lignosis
1125 2121 1732 2221 pare-nchymate
1782 2123 2175 2198 connexis.
2255 2118 2552 2199 Fornia

491 2227 698 2309 varia
767 2248 911 2322 est,
980 2248 1115 2309 aut
1180 2225 1664 2331 cylindracea
1714 2261 1859 2336 per
1903 2250 2169 2312 totum
2212 2238 2554 2338 pericar-

490 2349 721 2450 pium
799 2335 1163 2436 excurrit,
1241 2353 1389 2422 aut'
1451 2348 1619 2426 basi
1715 2350 2132 2426 incrassata
2243 2352 2551 2428 semina

493 2486 799 2560 gerenS,
849 2463 1190 2564 superne
1236 2476 1631 2540 attenuata
1685 2463 2156 2542 evanescens
2202 2455 2552 2565 (Primu-

492 2577 747 2681 laceae
778 2573 992 2674 Aug.
1044 2580 1148 2652 St.
1197 2577 1491 2654 Hilaire
1540 2580 1903 2655 Memoir.
1957 2578 2029 2654 d.
2062 2586 2263 2656 Mus,
2317 2585 2406 2656 T.
2443 2580 2551 2677 2.)

495 2704 629 2765 aut
690 2689 1198 2787 cylindracea
1284 2691 1595 2769 inferne
1694 2693 1994 2768 semina
2069 2716 2345 2791 gerens
2417 2719 2550 2769 su·-

492 2828 738 2906 perne
803 2818 1193 2882 attenuata
1230 2831 1720 2897 evanescens
1794 2800 2553 2908 (Caryophyllaceae

492 2922 687 3016 Aug.
756 2922 861 2994 St.
925 2918 1218 2995 Hilaire
1296 2919 1343 2995 l.
1417 2920 1562 3017 c.)‘,
1646 2936 1781 2996 aut
1843 2921 2145 3009 conica,
2202 2935 2347 2995 aut
2419 2922 2553 2996 sti-

493 3032 769 3132 phata,
826 3058 983 3137 pro
1062 3058 1406 3111 numero
1482 3034 2209 3110 loculamentorum
2282 3033 2545 3109 lobata

496 3146 1275 3242 (Rhododendreae,
1367 3148 1771 3244 Ericinae)
1866 3162 2001 3224 aut
2080 3147 2547 3248 bipartibilis

493 3259 873 3360 utrinque
925 3248 1495 3362 dissepimento
1547 3260 1858 3337 adnato.
1959 3265 2294 3362 Semper
2360 3287 2546 3337 cum

494 3371 693 3467 stylo
746 3374 1198 3477 stigmateve
1249 3374 1829 3450 connexionem
1878 3373 2172 3451 habere
2220 3376 2549 3453 videtur.

316 3474 317 3477 ¹
390 3488 393 3493 '
493 3485 772 3574 Libera
809 3500 925 3561 est
956 3501 1091 3562 aut
1126 3485 1705 3588 dissepimentis
1738 3488 2169 3589 parietibus
2201 3488 2487 3589 juncta.

686 3602 902 3675 Loco
971 3595 1439 3676 columellae
1490 3602 1988 3704 sporophora
2046 3603 2131 3678 in
2194 3599 2553 3704 mai-gine

497 3711 1254 3815 dissepimentorum
1282 3716 1600 3790 centrali
1629 3716 2063 3793 decurrunt
2080 3718 2537 3817 (Hibiscus).
2585 3788 2589 3791 ,

695 3829 1213 3930 Sporophora
1264 3830 1684 3928 ‘parietalia
1747 3829 1831 3904 in
1902 3846 2166 3909 ventre
2216 3834 2556 3910 valvula-

497 3967 682 4015 rum
749 3941 1186 4019 decurrunt
1249 3941 1789 4044 (Violaceae)‚
1853 3959 1988 4020 aut
2048 3946 2131 4020 in
2181 3948 2556 4046 margini-

447 4112 453 4119 .
500 4056 652 4131 bus
705 4056 1267 4159 (Siliquosae).
