<?xml version="1.0" encoding="UTF-8"?>
<!DOCTYPE html PUBLIC "-//W3C//DTD XHTML 1.0 Transitional//EN"
    "http://www.w3.org/TR/xhtml1/DTD/xhtml1-transitional.dtd">
<html xmlns="http://www.w3.org/1999/xhtml" xml:lang="en" lang="en">
 <head>
  <title>
</title>
<meta http-equiv="Content-Type" content="text/html;charset=utf-8" />
  <meta name='ocr-system' content='tesseract 3.04.00' />
  <meta name='ocr-capabilities' content='ocr_page ocr_carea ocr_par ocr_line ocrx_word'/>
</head>
<body>
  <div class='ocr_page' id='page_1' title='image "./elementaphiloso01linkgoog_0322.png"; bbox 0 0 2843 4800; ppageno 0'>
   <div class='ocr_carea' id='block_1_1' title="bbox 492 324 1781 399">
    <p class='ocr_par' dir='ltr' id='par_1_1' title="bbox 492 324 1781 399">
     <span class='ocr_line' id='line_1_1' title="bbox 492 324 1781 399; baseline 0 -2"><span class='ocrx_word' id='word_1_1' title='bbox 492 325 668 397; x_wconf 78' lang='grc'><strong>’314</strong></span> <span class='ocrx_word' id='word_1_2' title='bbox 1250 377 1254 386; x_wconf 72' lang='lat'><em>·</em></span> <span class='ocrx_word' id='word_1_3' title='bbox 1387 324 1703 399; x_wconf 86' lang='lat' dir='ltr'><strong>FLOS.</strong></span> <span class='ocrx_word' id='word_1_4' title='bbox 1777 337 1781 344; x_wconf 84' lang='lat'><em>&#39;</em></span> 
     </span>
    </p>
   </div>
   <div class='ocr_carea' id='block_1_2' title="bbox 520 520 2584 1651">
    <p class='ocr_par' dir='ltr' id='par_1_2' title="bbox 521 520 2579 740">
     <span class='ocr_line' id='line_1_2' title="bbox 525 520 2579 625; baseline 0.002 -26"><span class='ocrx_word' id='word_1_5' title='bbox 525 523 786 599; x_wconf 86' lang='lat' dir='ltr'><strong>abiere</strong></span> <span class='ocrx_word' id='word_1_6' title='bbox 856 520 1402 625; x_wconf 82' lang='lat' dir='ltr'><strong>multiplicata,</strong></span> <span class='ocrx_word' id='word_1_7' title='bbox 1480 536 1557 597; x_wconf 89' lang='lat' dir='ltr'><strong>at</strong></span> <span class='ocrx_word' id='word_1_8' title='bbox 1628 523 1958 598; x_wconf 84' lang='lat' dir='ltr'><strong>stamina</strong></span> <span class='ocrx_word' id='word_1_9' title='bbox 2038 545 2232 598; x_wconf 42' lang='lat' dir='ltr'><strong>nonw</strong></span> <span class='ocrx_word' id='word_1_10' title='bbox 2273 541 2579 603; x_wconf 85' lang='lat' dir='ltr'><strong>mutata</strong></span> 
     </span>
     <span class='ocr_line' id='line_1_3' title="bbox 521 635 2550 740; baseline 0.001 -26"><span class='ocrx_word' id='word_1_11' title='bbox 521 639 925 740; x_wconf 83' lang='lat' dir='ltr'><strong>peistitere</strong></span> <span class='ocrx_word' id='word_1_12' title='bbox 978 659 1164 712; x_wconf 89' lang='lat' dir='ltr'><strong>cum</strong></span> <span class='ocrx_word' id='word_1_13' title='bbox 1216 635 1511 712; x_wconf 86' lang='lat' dir='ltr'><strong>corolla</strong></span> <span class='ocrx_word' id='word_1_14' title='bbox 1565 650 1872 730; x_wconf 82' lang='lat' dir='ltr'><strong>externa</strong></span> <span class='ocrx_word' id='word_1_15' title='bbox 1927 639 2189 735; x_wconf 63' lang='lat' dir='ltr'><strong>(sager</strong></span> <span class='ocrx_word' id='word_1_16' title='bbox 2218 666 2291 739; x_wconf 90' lang='lat' dir='ltr'><strong>p.</strong></span> <span class='ocrx_word' id='word_1_17' title='bbox 2330 645 2550 737; x_wconf 88' lang='grc'><strong>133..)</strong></span> 
     </span>
    </p>

    <p class='ocr_par' dir='ltr' id='par_1_3' title="bbox 520 749 2584 1422">
     <span class='ocr_line' id='line_1_4' title="bbox 714 749 2579 882; baseline 0.001 -54"><span class='ocrx_word' id='word_1_18' title='bbox 714 749 1136 882; x_wconf 53' lang='lat' dir='ltr'><strong>Interdurj</strong></span> <span class='ocrx_word' id='word_1_19' title='bbox 1186 750 1397 827; x_wconf 90' lang='lat' dir='ltr'><strong>loco</strong></span> <span class='ocrx_word' id='word_1_20' title='bbox 1455 750 1828 847; x_wconf 85' lang='lat' dir='ltr'><strong>germinis</strong></span> <span class='ocrx_word' id='word_1_21' title='bbox 1893 766 1970 826; x_wconf 89' lang='lat' dir='ltr'><strong>et</strong></span> <span class='ocrx_word' id='word_1_22' title='bbox 2015 753 2283 853; x_wconf 85' lang='lat' dir='ltr'>pistilli</span> <span class='ocrx_word' id='word_1_23' title='bbox 2337 756 2579 855; x_wconf 87' lang='lat' dir='ltr'><strong>stipes</strong></span> 
     </span>
     <span class='ocr_line' id='line_1_5' title="bbox 523 864 2584 974; baseline 0 -32"><span class='ocrx_word' id='word_1_24' title='bbox 523 866 886 952; x_wconf 81' lang='lat' dir='ltr'><strong>excrevit,</strong></span> <span class='ocrx_word' id='word_1_25' title='bbox 952 866 1089 965; x_wconf 81' lang='lat' dir='ltr'><strong>qui</strong></span> <span class='ocrx_word' id='word_1_26' title='bbox 1152 869 1401 940; x_wconf 87' lang='lat' dir='ltr'><strong>multa</strong></span> <span class='ocrx_word' id='word_1_27' title='bbox 1464 864 1714 974; x_wconf 87' lang='lat' dir='ltr'><strong>petala</strong></span> <span class='ocrx_word' id='word_1_28' title='bbox 1796 866 2143 964; x_wconf 66' lang='lat' dir='ltr'><strong>piotulit.</strong></span> <span class='ocrx_word' id='word_1_29' title='bbox 2239 868 2584 945; x_wconf 71' lang='lat' dir='ltr'><strong>Accidit</strong></span> 
     </span>
     <span class='ocr_line' id='line_1_6' title="bbox 523 978 2577 1084; baseline 0.001 -28"><span class='ocrx_word' id='word_1_30' title='bbox 523 1006 852 1084; x_wconf 86' lang='lat' dir='ltr'><strong>quoque</strong></span> <span class='ocrx_word' id='word_1_31' title='bbox 916 994 1009 1055; x_wconf 85' lang='lat' dir='ltr'><strong>ut</strong></span> <span class='ocrx_word' id='word_1_32' title='bbox 1063 1004 1276 1054; x_wconf 88' lang='lat' dir='ltr'><strong>unus</strong></span> <span class='ocrx_word' id='word_1_33' title='bbox 1343 978 1693 1079; x_wconf 78' lang='lat' dir='ltr'><strong>alterque</strong></span> <span class='ocrx_word' id='word_1_34' title='bbox 1754 980 1992 1078; x_wconf 90' lang='lat' dir='ltr'><strong>stipes</strong></span> <span class='ocrx_word' id='word_1_35' title='bbox 2061 1006 2151 1056; x_wconf 87' lang='lat' dir='ltr'><strong>ex</strong></span> <span class='ocrx_word' id='word_1_36' title='bbox 2198 983 2577 1083; x_wconf 88' lang='lat' dir='ltr'><strong>primitivi</strong></span> 
     </span>
     <span class='ocr_line' id='line_1_7' title="bbox 520 1092 2580 1193; baseline 0 -22"><span class='ocrx_word' id='word_1_37' title='bbox 520 1096 894 1172; x_wconf 83' lang='lat' dir='ltr'><strong>lateribus</strong></span> <span class='ocrx_word' id='word_1_38' title='bbox 947 1092 1293 1167; x_wconf 62' lang='lat' dir='ltr'><strong>oriatur}¹</strong></span> <span class='ocrx_word' id='word_1_39' title='bbox 1358 1097 1570 1169; x_wconf 85' lang='lat' dir='ltr'><strong>Haec</strong></span> <span class='ocrx_word' id='word_1_40' title='bbox 1622 1094 2279 1193; x_wconf 87' lang='lat' dir='ltr'><strong>anamorphosis</strong></span> <span class='ocrx_word' id='word_1_41' title='bbox 2257 1119 2340 1169; x_wconf 88' lang='lat' dir='ltr'><strong>m</strong></span> <span class='ocrx_word' id='word_1_42' title='bbox 2378 1098 2580 1172; x_wconf 91' lang='lat' dir='ltr'><strong>Cru-</strong></span> 
     </span>
     <span class='ocr_line' id='line_1_8' title="bbox 524 1206 2580 1307; baseline -0 -22"><span class='ocrx_word' id='word_1_43' title='bbox 524 1208 781 1285; x_wconf 88' lang='lat' dir='ltr'><strong>ciseris</strong></span> <span class='ocrx_word' id='word_1_44' title='bbox 854 1206 1254 1307; x_wconf 85' lang='lat' dir='ltr'><strong>siliquosis</strong></span> <span class='ocrx_word' id='word_1_45' title='bbox 1332 1222 1407 1282; x_wconf 90' lang='lat' dir='ltr'><strong>et</strong></span> <span class='ocrx_word' id='word_1_46' title='bbox 1465 1207 1550 1281; x_wconf 92' lang='lat' dir='ltr'><strong>in</strong></span> <span class='ocrx_word' id='word_1_47' title='bbox 1629 1207 2122 1307; x_wconf 82' lang='lat' dir='ltr'><strong>quibusdam</strong></span> <span class='ocrx_word' id='word_1_48' title='bbox 2203 1211 2580 1306; x_wconf 82' lang='lat' dir='ltr'><strong>Rosaceis</strong></span> 
     </span>
     <span class='ocr_line' id='line_1_9' title="bbox 522 1319 1713 1422; baseline -0.003 -23"><span class='ocrx_word' id='word_1_49' title='bbox 522 1326 986 1399; x_wconf 87' lang='lat' dir='ltr'><strong>observatur</strong></span> <span class='ocrx_word' id='word_1_50' title='bbox 1036 1324 1310 1418; x_wconf 81' lang='lat' dir='ltr'><strong>(Jager</strong></span> <span class='ocrx_word' id='word_1_51' title='bbox 1355 1348 1431 1422; x_wconf 90' lang='lat' dir='ltr'><strong>p.</strong></span> <span class='ocrx_word' id='word_1_52' title='bbox 1483 1319 1713 1417; x_wconf 83' lang='lat'><strong>135..)</strong></span> 
     </span>
    </p>

    <p class='ocr_par' dir='ltr' id='par_1_4' title="bbox 524 1429 2580 1651">
     <span class='ocr_line' id='line_1_10' title="bbox 712 1429 2578 1539; baseline 0.001 -27"><span class='ocrx_word' id='word_1_53' title='bbox 712 1441 809 1513; x_wconf 92' lang='lat' dir='ltr'><strong>In</strong></span> <span class='ocrx_word' id='word_1_54' title='bbox 860 1435 1028 1511; x_wconf 86' lang='lat' dir='ltr'>aliis</span> <span class='ocrx_word' id='word_1_55' title='bbox 1076 1436 1393 1538; x_wconf 87' lang='lat' dir='ltr'><strong>initium</strong></span> <span class='ocrx_word' id='word_1_56' title='bbox 1442 1429 2056 1536; x_wconf 79' lang='lat' dir='ltr'><strong>proliferationis</strong></span> <span class='ocrx_word' id='word_1_57' title='bbox 2110 1452 2253 1526; x_wconf 87' lang='lat' dir='ltr'><strong>est,</strong></span> <span class='ocrx_word' id='word_1_58' title='bbox 2319 1437 2578 1539; x_wconf 89' lang='lat' dir='ltr'><strong>petala</strong></span> 
     </span>
     <span class='ocr_line' id='line_1_11' title="bbox 524 1533 2580 1651; baseline 0.001 -24"><span class='ocrx_word' id='word_1_59' title='bbox 524 1533 738 1628; x_wconf 83' lang='lat' dir='ltr'><strong>enim</strong></span> <span class='ocrx_word' id='word_1_60' title='bbox 806 1564 941 1626; x_wconf 89' lang='lat' dir='ltr'><strong>aut</strong></span> <span class='ocrx_word' id='word_1_61' title='bbox 1008 1549 1332 1625; x_wconf 81' lang='lat' dir='ltr'><strong>laciniae</strong></span> <span class='ocrx_word' id='word_1_62' title='bbox 1395 1549 1952 1651; x_wconf 72' lang='lat' dir='ltr'>multiplicatae</span> <span class='ocrx_word' id='word_1_63' title='bbox 2001 1551 2116 1626; x_wconf 82' lang='lat' dir='ltr'><strong>ita</strong></span> <span class='ocrx_word' id='word_1_64' title='bbox 2154 1553 2242 1626; x_wconf 88' lang='lat' dir='ltr'><strong>in</strong></span> <span class='ocrx_word' id='word_1_65' title='bbox 2292 1555 2580 1629; x_wconf 88' lang='lat' dir='ltr'><strong>orbem</strong></span> 
     </span>
    </p>
   </div>
   <div class='ocr_carea' id='block_1_3' title="bbox 402 1661 2579 1770">
    <p class='ocr_par' dir='ltr' id='par_1_5' title="bbox 402 1661 2579 1770">
     <span class='ocr_line' id='line_1_12' title="bbox 402 1661 2579 1770; baseline 0.001 -29"><span class='ocrx_word' id='word_1_66' title='bbox 402 1710 416 1728; x_wconf 59' lang='grc' dir='ltr'><strong>ι</strong></span> <span class='ocrx_word' id='word_1_67' title='bbox 519 1668 824 1770; x_wconf 82' lang='lat' dir='ltr'>positae</span> <span class='ocrx_word' id='word_1_68' title='bbox 887 1678 1104 1751; x_wconf 90' lang='lat' dir='ltr'><strong>sunt,</strong></span> <span class='ocrx_word' id='word_1_69' title='bbox 1168 1676 1260 1738; x_wconf 85' lang='lat' dir='ltr'><strong>ut</strong></span> <span class='ocrx_word' id='word_1_70' title='bbox 1322 1661 1548 1738; x_wconf 84' lang='lat' dir='ltr'><strong>facile</strong></span> <span class='ocrx_word' id='word_1_71' title='bbox 1612 1665 2046 1765; x_wconf 83' lang='lat' dir='ltr'><strong>conspicias</strong></span> <span class='ocrx_word' id='word_1_72' title='bbox 2119 1665 2579 1743; x_wconf 74' lang='lat' dir='ltr'><strong>rudimenta</strong></span> 
     </span>
    </p>
   </div>
   <div class='ocr_carea' id='block_1_4' title="bbox 514 1773 2582 4019">
    <p class='ocr_par' dir='ltr' id='par_1_6' title="bbox 514 1773 2582 3698">
     <span class='ocr_line' id='line_1_13' title="bbox 523 1773 2578 1883; baseline -0 -25"><span class='ocrx_word' id='word_1_73' title='bbox 523 1782 794 1858; x_wconf 80' lang='lat' dir='ltr'><strong>adesse</strong></span> <span class='ocrx_word' id='word_1_74' title='bbox 865 1773 1221 1881; x_wconf 78' lang='lat' dir='ltr'><strong>plurium</strong></span> <span class='ocrx_word' id='word_1_75' title='bbox 1293 1776 1613 1852; x_wconf 88' lang='lat' dir='ltr'><strong>florum.</strong></span> <span class='ocrx_word' id='word_1_76' title='bbox 1744 1778 2159 1854; x_wconf 83' lang='lat' dir='ltr'><strong>Interdum</strong></span> <span class='ocrx_word' id='word_1_77' title='bbox 2244 1807 2578 1883; x_wconf 82' lang='lat' dir='ltr'><strong>quoque</strong></span> 
     </span>
     <span class='ocr_line' id='line_1_14' title="bbox 521 1894 2577 1994; baseline -0 -22"><span class='ocrx_word' id='word_1_78' title='bbox 521 1896 854 1972; x_wconf 83' lang='lat' dir='ltr'><strong>stamina</strong></span> <span class='ocrx_word' id='word_1_79' title='bbox 903 1907 1038 1968; x_wconf 87' lang='lat' dir='ltr'><strong>aut</strong></span> <span class='ocrx_word' id='word_1_80' title='bbox 1086 1916 1253 1966; x_wconf 91' lang='lat' dir='ltr'><strong>non</strong></span> <span class='ocrx_word' id='word_1_81' title='bbox 1302 1905 1623 1978; x_wconf 83' lang='lat' dir='ltr'><strong>mutata,</strong></span> <span class='ocrx_word' id='word_1_82' title='bbox 1677 1905 1813 1965; x_wconf 88' lang='lat' dir='ltr'><strong>aut</strong></span> <span class='ocrx_word' id='word_1_83' title='bbox 1861 1894 2145 1992; x_wconf 85' lang='lat' dir='ltr'><strong>partim</strong></span> <span class='ocrx_word' id='word_1_84' title='bbox 2194 1894 2292 1968; x_wconf 81' lang='lat' dir='ltr'><strong>in·</strong></span> <span class='ocrx_word' id='word_1_85' title='bbox 2322 1895 2577 1994; x_wconf 85' lang='lat' dir='ltr'><strong>petala</strong></span> 
     </span>
     <span class='ocr_line' id='line_1_15' title="bbox 519 2005 2580 2105; baseline -0.001 -19"><span class='ocrx_word' id='word_1_86' title='bbox 519 2024 818 2085; x_wconf 84' lang='lat' dir='ltr'><strong>mutata</strong></span> <span class='ocrx_word' id='word_1_87' title='bbox 882 2007 967 2081; x_wconf 92' lang='lat' dir='ltr'><strong>in</strong></span> <span class='ocrx_word' id='word_1_88' title='bbox 1027 2005 1302 2080; x_wconf 91' lang='lat' dir='ltr'><strong>medio</strong></span> <span class='ocrx_word' id='word_1_89' title='bbox 1371 2005 1813 2105; x_wconf 84' lang='lat' dir='ltr'><strong>supersunt.</strong></span> <span class='ocrx_word' id='word_1_90' title='bbox 1911 2010 2085 2082; x_wconf 92' lang='lat' dir='ltr'><strong>Hoc</strong></span> <span class='ocrx_word' id='word_1_91' title='bbox 2134 2007 2580 2084; x_wconf 79' lang='lat' dir='ltr'><strong>luculenter</strong></span> 
     </span>
     <span class='ocr_line' id='line_1_16' title="bbox 518 2105 2582 2198; baseline -0 0"><span class='ocrx_word' id='word_1_92' title='bbox 518 2105 635 2198; x_wconf 69' lang='lat' dir='ltr'><strong>in⁸</strong></span> <span class='ocrx_word' id='word_1_93' title='bbox 684 2119 1072 2198; x_wconf 77' lang='lat' dir='ltr'>Galantho</span> <span class='ocrx_word' id='word_1_94' title='bbox 1148 2118 1380 2192; x_wconf 85' lang='lat' dir='ltr'><strong>nivali</strong></span> <span class='ocrx_word' id='word_1_95' title='bbox 1446 2118 1608 2193; x_wconf 87' lang='lat' dir='ltr'><strong>vidi</strong></span> <span class='ocrx_word' id='word_1_96' title='bbox 1672 2133 1748 2194; x_wconf 91' lang='lat' dir='ltr'><strong>et</strong></span> <span class='ocrx_word' id='word_1_97' title='bbox 1807 2120 2146 2195; x_wconf 70' lang='lat' dir='ltr'><strong>similem</strong></span> <span class='ocrx_word' id='word_1_98' title='bbox 2211 2146 2582 2197; x_wconf 88' lang='lat' dir='ltr'><strong>anamor-</strong></span> 
     </span>
     <span class='ocr_line' id='line_1_17' title="bbox 517 2231 2534 2337; baseline 0 -27"><span class='ocrx_word' id='word_1_99' title='bbox 517 2236 809 2337; x_wconf 87' lang='lat' dir='ltr'>phosin</span> <span class='ocrx_word' id='word_1_100' title='bbox 845 2234 927 2307; x_wconf 89' lang='lat' dir='ltr'><strong>in</strong></span> <span class='ocrx_word' id='word_1_101' title='bbox 963 2231 1191 2308; x_wconf 84' lang='lat' dir='ltr'><strong>Alcea</strong></span> <span class='ocrx_word' id='word_1_102' title='bbox 1226 2255 1453 2306; x_wconf 86' lang='lat' dir='ltr'><strong>rosea</strong></span> <span class='ocrx_word' id='word_1_103' title='bbox 1489 2231 1892 2309; x_wconf 78' lang='lat' dir='ltr'>adnotavit</span> <span class='ocrx_word' id='word_1_104' title='bbox 1919 2239 2152 2332; x_wconf 66' lang='lat' dir='ltr'><strong>‘Jiiger</strong></span> <span class='ocrx_word' id='word_1_105' title='bbox 2182 2235 2288 2335; x_wconf 90' lang='lat' dir='ltr'><strong>(p.</strong></span> <span class='ocrx_word' id='word_1_106' title='bbox 2316 2236 2534 2333; x_wconf 65' lang='lat'><strong>14¹7.)</strong></span> 
     </span>
     <span class='ocr_line' id='line_1_18' title="bbox 530 2343 2578 2450; baseline 0.001 -27"><span class='ocrx_word' id='word_1_107' title='bbox 530 2375 545 2381; x_wconf 91' lang='lat'><strong>·</strong></span> <span class='ocrx_word' id='word_1_108' title='bbox 716 2345 1081 2423; x_wconf 88' lang='lat' dir='ltr'><strong>Tandem</strong></span> <span class='ocrx_word' id='word_1_109' title='bbox 1148 2343 1302 2420; x_wconf 89' lang='lat' dir='ltr'><strong>flos</strong></span> <span class='ocrx_word' id='word_1_110' title='bbox 1338 2343 1697 2446; x_wconf 81' lang='lat' dir='ltr'><strong>proliser</strong></span> <span class='ocrx_word' id='word_1_111' title='bbox 1754 2347 1879 2436; x_wconf 85' lang='lat' dir='ltr'><strong>fit,</strong></span> <span class='ocrx_word' id='word_1_112' title='bbox 1944 2348 2004 2424; x_wconf 91' lang='lat' dir='ltr'><strong>si</strong></span> <span class='ocrx_word' id='word_1_113' title='bbox 2068 2347 2578 2450; x_wconf 83' lang='lat' dir='ltr'><strong>pedunculus</strong></span> 
     </span>
     <span class='ocr_line' id='line_1_19' title="bbox 522 2450 2579 2557; baseline 0.002 -22"><span class='ocrx_word' id='word_1_114' title='bbox 522 2490 563 2541; x_wconf 86' lang='lat' dir='ltr'><strong>e</strong></span> <span class='ocrx_word' id='word_1_115' title='bbox 599 2450 889 2537; x_wconf 83' lang='lat' dir='ltr'><strong>medio</strong></span> <span class='ocrx_word' id='word_1_116' title='bbox 941 2459 1165 2535; x_wconf 89' lang='lat' dir='ltr'>floris</span> <span class='ocrx_word' id='word_1_117' title='bbox 1217 2461 1561 2557; x_wconf 83' lang='lat' dir='ltr'><strong>emergit,</strong></span> <span class='ocrx_word' id='word_1_118' title='bbox 1611 2486 1922 2549; x_wconf 83' lang='lat' dir='ltr'><strong>novum</strong></span> <span class='ocrx_word' id='word_1_119' title='bbox 1950 2463 2251 2540; x_wconf 86' lang='lat' dir='ltr'><strong>florem·</strong></span> <span class='ocrx_word' id='word_1_120' title='bbox 2275 2480 2412 2541; x_wconf 88' lang='lat' dir='ltr'><strong>aut</strong></span> <span class='ocrx_word' id='word_1_121' title='bbox 2452 2490 2579 2540; x_wconf 85' lang='lat' dir='ltr'><strong>ex·-</strong></span> 
     </span>
     <span class='ocr_line' id='line_1_20' title="bbox 516 2573 2576 2679; baseline 0.002 -28"><span class='ocrx_word' id='word_1_122' title='bbox 516 2577 926 2679; x_wconf 87' lang='lat' dir='ltr'><strong>plicatum‚</strong></span> <span class='ocrx_word' id='word_1_123' title='bbox 993 2588 1141 2649; x_wconf 87' lang='lat' dir='ltr'><strong>aut·</strong></span> <span class='ocrx_word' id='word_1_124' title='bbox 1187 2573 1567 2648; x_wconf 83' lang='lat' dir='ltr'><strong>mutilum</strong></span> <span class='ocrx_word' id='word_1_125' title='bbox 1619 2575 2057 2676; x_wconf 87' lang='lat' dir='ltr'><strong>proferens.</strong></span> <span class='ocrx_word' id='word_1_126' title='bbox 2156 2578 2576 2655; x_wconf 87' lang='lat' dir='ltr'><strong>Interdum</strong></span> 
     </span>
     <span class='ocr_line' id='line_1_21' title="bbox 517 2687 2572 2794; baseline 0.002 -28"><span class='ocrx_word' id='word_1_127' title='bbox 517 2692 784 2794; x_wconf 90' lang='lat' dir='ltr'><strong>plures</strong></span> <span class='ocrx_word' id='word_1_128' title='bbox 870 2689 1151 2765; x_wconf 57' lang='lat' dir='ltr'><strong>flores*</strong></span> <span class='ocrx_word' id='word_1_129' title='bbox 1207 2687 1683 2790; x_wconf 88' lang='lat' dir='ltr'><strong>plerumque</strong></span> <span class='ocrx_word' id='word_1_130' title='bbox 1763 2692 2030 2767; x_wconf 81' lang='lat' dir='ltr'><strong>mutili</strong></span> <span class='ocrx_word' id='word_1_131' title='bbox 2107 2694 2572 2794; x_wconf 74' lang='lat' dir='ltr'><strong>pedunculo</strong></span> 
     </span>
     <span class='ocr_line' id='line_1_22' title="bbox 517 2801 2574 2908; baseline 0.002 -27"><span class='ocrx_word' id='word_1_132' title='bbox 517 2804 871 2907; x_wconf 87' lang='lat' dir='ltr'><strong>impositi</strong></span> <span class='ocrx_word' id='word_1_133' title='bbox 939 2818 1141 2879; x_wconf 90' lang='lat' dir='ltr'><strong>sunt.</strong></span> <span class='ocrx_word' id='word_1_134' title='bbox 1252 2801 1665 2878; x_wconf 88' lang='lat' dir='ltr'><strong>Interdum</strong></span> <span class='ocrx_word' id='word_1_135' title='bbox 1723 2805 2012 2906; x_wconf 85' lang='lat' dir='ltr'><strong>duplex</strong></span> <span class='ocrx_word' id='word_1_136' title='bbox 2060 2806 2574 2908; x_wconf 81' lang='lat' dir='ltr'><strong>proliferatio,</strong></span> 
     </span>
     <span class='ocr_line' id='line_1_23' title="bbox 516 2917 2575 3020; baseline 0.001 -25"><span class='ocrx_word' id='word_1_137' title='bbox 516 2918 720 2996; x_wconf 88' lang='lat' dir='ltr'><strong>flore</strong></span> <span class='ocrx_word' id='word_1_138' title='bbox 780 2917 1095 3020; x_wconf 83' lang='lat' dir='ltr'>prolato</span> <span class='ocrx_word' id='word_1_139' title='bbox 1162 2936 1468 2994; x_wconf 87' lang='lat' dir='ltr'><strong>novum</strong></span> <span class='ocrx_word' id='word_1_140' title='bbox 1543 2918 1829 2993; x_wconf 86' lang='lat' dir='ltr'><strong>florem</strong></span> <span class='ocrx_word' id='word_1_141' title='bbox 1899 2944 1940 2994; x_wconf 88' lang='lat' dir='ltr'><strong>e</strong></span> <span class='ocrx_word' id='word_1_142' title='bbox 2002 2920 2275 2996; x_wconf 88' lang='lat' dir='ltr'><strong>medio</strong></span> <span class='ocrx_word' id='word_1_143' title='bbox 2349 2924 2575 2998; x_wconf 91' lang='lat' dir='ltr'><strong>emit-</strong></span> 
     </span>
     <span class='ocr_line' id='line_1_24' title="bbox 517 3032 2575 3132; baseline 0.001 -22"><span class='ocrx_word' id='word_1_144' title='bbox 517 3048 747 3110; x_wconf 83' lang='lat' dir='ltr'><strong>tente.</strong></span> <span class='ocrx_word' id='word_1_145' title='bbox 861 3034 1163 3110; x_wconf 90' lang='lat' dir='ltr'><strong>Ramus</strong></span> <span class='ocrx_word' id='word_1_146' title='bbox 1226 3056 1554 3132; x_wconf 80' lang='lat' dir='ltr'><strong>quoque</strong></span> <span class='ocrx_word' id='word_1_147' title='bbox 1592 3058 1662 3108; x_wconf 84' lang='lat' dir='ltr'><strong>—e</strong></span> <span class='ocrx_word' id='word_1_148' title='bbox 1710 3032 1913 3108; x_wconf 89' lang='lat' dir='ltr'><strong>ssore</strong></span> <span class='ocrx_word' id='word_1_149' title='bbox 1964 3037 2116 3111; x_wconf 87' lang='lat' dir='ltr'><strong>exit</strong></span> <span class='ocrx_word' id='word_1_150' title='bbox 2161 3035 2404 3112; x_wconf 83' lang='lat' dir='ltr'><strong>ss&#39;ores</strong></span> <span class='ocrx_word' id='word_1_151' title='bbox 2450 3037 2575 3113; x_wconf 80' lang='lat' dir='ltr'><strong>fo-</strong></span> 
     </span>
     <span class='ocr_line' id='line_1_25' title="bbox 515 3144 2576 3275; baseline 0.001 -52"><span class='ocrx_word' id='word_1_152' title='bbox 515 3147 780 3248; x_wconf 79' lang='lat' dir='ltr'><strong>liaque</strong></span> <span class='ocrx_word' id='word_1_153' title='bbox 811 3144 1241 3275; x_wconf 77' lang='lat' dir='ltr'><strong>proferens.</strong></span> <span class='ocrx_word' id='word_1_154' title='bbox 1342 3145 1631 3241; x_wconf 85' lang='lat' dir='ltr'><strong>Calyx</strong></span> <span class='ocrx_word' id='word_1_155' title='bbox 1609 3171 1691 3219; x_wconf 78' lang='lat' dir='ltr'><strong>in</strong></span> <span class='ocrx_word' id='word_1_156' title='bbox 1725 3147 2126 3247; x_wconf 80' lang='lat' dir='ltr'><strong>primitivo</strong></span> <span class='ocrx_word' id='word_1_157' title='bbox 2162 3148 2365 3226; x_wconf 88' lang='lat' dir='ltr'><strong>flore</strong></span> <span class='ocrx_word' id='word_1_158' title='bbox 2410 3177 2576 3227; x_wconf 85' lang='lat' dir='ltr'><strong>sae-</strong></span> 
     </span>
     <span class='ocr_line' id='line_1_26' title="bbox 515 3255 2576 3365; baseline 0.003 -31"><span class='ocrx_word' id='word_1_159' title='bbox 515 3261 843 3362; x_wconf 75' lang='lat' dir='ltr'><strong>pissime</strong></span> <span class='ocrx_word' id='word_1_160' title='bbox 901 3259 984 3333; x_wconf 90' lang='lat' dir='ltr'><strong>in</strong></span> <span class='ocrx_word' id='word_1_161' title='bbox 1051 3255 1249 3332; x_wconf 86' lang='lat' dir='ltr'>solia·</span> <span class='ocrx_word' id='word_1_162' title='bbox 1306 3271 1658 3332; x_wconf 85' lang='lat' dir='ltr'><strong>mutatus</strong></span> <span class='ocrx_word' id='word_1_163' title='bbox 1727 3274 1863 3336; x_wconf 85' lang='lat' dir='ltr'><strong>est.</strong></span> <span class='ocrx_word' id='word_1_164' title='bbox 1973 3260 2162 3337; x_wconf 88' lang='lat' dir='ltr'><strong>Vidi</strong></span> <span class='ocrx_word' id='word_1_165' title='bbox 2242 3286 2576 3365; x_wconf 81' lang='lat' dir='ltr'><strong>quoque</strong></span> 
     </span>
     <span class='ocr_line' id='line_1_27' title="bbox 518 3368 2574 3473; baseline 0.002 -23"><span class='ocrx_word' id='word_1_166' title='bbox 518 3372 791 3450; x_wconf 76' lang='lat' dir='ltr'><strong>omnia</strong></span> <span class='ocrx_word' id='word_1_167' title='bbox 854 3371 1113 3472; x_wconf 75' lang='lat' dir='ltr'><strong>petala</strong></span> <span class='ocrx_word' id='word_1_168' title='bbox 1171 3369 1394 3446; x_wconf 85' lang='lat' dir='ltr'>floris</span> <span class='ocrx_word' id='word_1_169' title='bbox 1459 3368 1835 3473; x_wconf 83' lang='lat' dir='ltr'><strong>primitivi</strong></span> <span class='ocrx_word' id='word_1_170' title='bbox 1897 3375 1986 3450; x_wconf 86' lang='grc' dir='ltr'><strong>ἰιι</strong></span> <span class='ocrx_word' id='word_1_171' title='bbox 2032 3371 2222 3453; x_wconf 83' lang='lat' dir='ltr'>folia</span> <span class='ocrx_word' id='word_1_172' title='bbox 2271 3392 2574 3454; x_wconf 87' lang='lat' dir='ltr'><strong>mutata</strong></span> 
     </span>
     <span class='ocr_line' id='line_1_28' title="bbox 514 3485 2572 3568; baseline 0.001 -5"><span class='ocrx_word' id='word_1_173' title='bbox 514 3488 619 3564; x_wconf 89' lang='lat' dir='ltr'><strong>ita</strong></span> <span class='ocrx_word' id='word_1_174' title='bbox 681 3500 774 3561; x_wconf 92' lang='lat' dir='ltr'><strong>ut</strong></span> <span class='ocrx_word' id='word_1_175' title='bbox 833 3485 988 3561; x_wconf 85' lang='lat' dir='ltr'><strong>flos</strong></span> <span class='ocrx_word' id='word_1_176' title='bbox 1052 3499 1404 3560; x_wconf 87' lang='lat' dir='ltr'><strong>mutatus</strong></span> <span class='ocrx_word' id='word_1_177' title='bbox 1464 3488 1789 3562; x_wconf 87' lang='lat' dir='ltr'><strong>nonnisi</strong></span> <span class='ocrx_word' id='word_1_178' title='bbox 1855 3512 1906 3566; x_wconf 89' lang='lat' dir='ltr'><strong>e</strong></span> <span class='ocrx_word' id='word_1_179' title='bbox 1942 3491 2137 3567; x_wconf 80' lang='lat' dir='ltr'><strong>situ</strong></span> <span class='ocrx_word' id='word_1_180' title='bbox 2179 3489 2572 3568; x_wconf 85' lang='lat' dir='ltr'><strong>foliorum</strong></span> 
     </span>
     <span class='ocr_line' id='line_1_29' title="bbox 518 3597 1428 3698; baseline -0.002 -21"><span class='ocrx_word' id='word_1_181' title='bbox 518 3597 1122 3698; x_wconf 84' lang='lat' dir='ltr'><strong>cognoscendus</strong></span> <span class='ocrx_word' id='word_1_182' title='bbox 1171 3597 1428 3675; x_wconf 88' lang='lat' dir='ltr'><strong>fuerit.</strong></span> 
     </span>
    </p>

    <p class='ocr_par' dir='ltr' id='par_1_7' title="bbox 514 3704 2571 4019">
     <span class='ocr_line' id='line_1_30' title="bbox 710 3704 2569 3827; baseline 0.002 -37"><span class='ocrx_word' id='word_1_183' title='bbox 710 3704 1211 3790; x_wconf 84' lang='lat' dir='ltr'><strong>Proliferatio</strong></span> <span class='ocrx_word' id='word_1_184' title='bbox 1272 3714 1668 3790; x_wconf 86' lang='lat' dir='ltr'><strong>calathidii</strong></span> <span class='ocrx_word' id='word_1_185' title='bbox 1729 3715 1818 3791; x_wconf 79' lang='lat' dir='ltr'><strong>in·</strong></span> <span class='ocrx_word' id='word_1_186' title='bbox 1867 3719 2350 3827; x_wconf 84' lang='lat' dir='ltr'>Compositis</span> <span class='ocrx_word' id='word_1_187' title='bbox 2400 3742 2569 3794; x_wconf 88' lang='lat' dir='ltr'><strong>non</strong></span> 
     </span>
     <span class='ocr_line' id='line_1_31' title="bbox 515 3828 2571 3934; baseline 0.001 -30"><span class='ocrx_word' id='word_1_188' title='bbox 515 3828 976 3934; x_wconf 84' lang='lat' dir='ltr'><strong>infrequens</strong></span> <span class='ocrx_word' id='word_1_189' title='bbox 1077 3841 1239 3913; x_wconf 86' lang='lat' dir='ltr'><strong>est,</strong></span> <span class='ocrx_word' id='word_1_190' title='bbox 1342 3842 1460 3904; x_wconf 85' lang='lat' dir='ltr'><strong>et</strong></span> <span class='ocrx_word' id='word_1_191' title='bbox 1522 3830 1816 3931; x_wconf 78' lang='lat' dir='ltr'>probat</span> <span class='ocrx_word' id='word_1_192' title='bbox 1904 3830 2571 3911; x_wconf 77' lang='lat' dir='ltr'><strong>inflorescentiam</strong></span> 
     </span>
     <span class='ocr_line' id='line_1_32' title="bbox 514 3939 1741 4019; baseline -0.001 -1"><span class='ocrx_word' id='word_1_193' title='bbox 514 3945 812 4019; x_wconf 88' lang='lat' dir='ltr'><strong>hancce</strong></span> <span class='ocrx_word' id='word_1_194' title='bbox 863 3940 964 4017; x_wconf 88' lang='lat' dir='ltr'><strong>ad</strong></span> <span class='ocrx_word' id='word_1_195' title='bbox 1012 3939 1296 4016; x_wconf 82' lang='lat' dir='ltr'><strong>florem</strong></span> <span class='ocrx_word' id='word_1_196' title='bbox 1352 3942 1741 4019; x_wconf 87' lang='lat' dir='ltr'><strong>accedere.</strong></span> 
     </span>
    </p>
   </div>
   <div class='ocr_carea' id='block_1_5' title="bbox 1345 4087 1748 4112">
    <p class='ocr_par' dir='ltr' id='par_1_8' title="bbox 1345 4087 1748 4112">
     <span class='ocr_line' id='line_1_33' title="bbox 1345 4087 1748 4112; baseline 0 688"><span class='ocrx_word' id='word_1_197' title='bbox 1345 4087 1748 4112; x_wconf 95' lang='lat' dir='ltr'><strong> </strong></span> 
     </span>
    </p>
   </div>
  </div>
 </body>
</html>
