2843 4800
1178 345 1406 422 FLO
1428 347 1500 420 S.
2214 339 2348 418 311

497 550 769 627 Planta
850 546 1500 648 hermaphrodita
1566 560 1928 630 vocatur,
2003 531 2208 644 quae
2271 541 2357 615 in

306 666 599 744 eodem
649 663 853 739 flore
885 676 981 753 et
1028 664 1360 738 stamina
1411 676 1490 737 et
1534 660 1815 761 pistilla
1865 656 2154 755 jungit.
2231 655 2359 729 Sic

306 804 636 881 quoque
707 777 863 853 {los
936 775 1639 877 hermaphroditus
1714 773 2054 848 dicitur.·
2153 768 2359 846 Huic

271 893 673 993 opposita
751 904 866 968 est
935 890 1198 992 planta
1275 889 1591 977 diclina‚
1693 911 1896 988 quae
1967 886 2054 959 in
2128 883 2429 968 variis,-

306 1007 650 1083 floribus
702 1018 838 1080 aut
884 1004 1214 1079 stamina
1265 1003 1523 1090 habet,
1576 1017 1711 1079 aut
1756 1000 2062 1104 pistilla.
2309 987 2318 994 ”

501 1123 640 1196 Est
712 1118 1138 1194 discrimen
1211 1118 1417 1194 inter
1480 1117 1884 1193 dicliniam
1950 1131 2217 1190 veram
2285 1124 2362 1216 et

308 1235 683 1335 spuriam.
777 1237 876 1309 In
925 1231 1242 1307 diclinia
1289 1258 1467 1308 vera
1517 1231 1758 1308 flores
1808 1225 2165 1305 staminei
2218 1235 2363 1299 seu'

307 1346 641 1439 masculi
689 1337 844 1423 elio
881 1346 1136 1422 modo
1190 1347 1617 1422 constructi
1655 1360 1732 1421 et
1763 1340 2121 1444 dispositi
2154 1350 2360 1425 sunt.

313 1486 402 1535 ac
450 1458 690 1536 flores
734 1459 1180 1562 pistilliferi‚
1233 1474 1367 1536 aut
1415 1485 1507 1536 ex
1556 1457 1724 1537 ali-is
1774 1456 2109 1556 gemmis
2173 1477 2360 1555 pro-

315 1573 599 1661 deunt,
682 1589 815 1650 aut
872 1574 1148 1651 locum
1224 1589 1526 1651 certum
1590 1589 1667 1650 et
1738 1571 2161 1648 definitum
2223 1567 2365 1641 ha-

311 1687 522 1762 bent.
635 1688 760 1763 Sic
794 1689 906 1763 ·in
970 1689 1235 1768 Urtica
1296 1689 1510 1786 calyx
1568 1687 1790 1763 floris
1852 1681 2185 1761 masculi
2249 1694 2361 1755 te·-

310 1800 742 1902 traphyllus
778 1818 908 1889 est,
942 1801 1269 1880 feminei
1305 1799 1724 1903 diphyllus‚
1776 1800 1884 1876 sic
1914 1801 2002 1874 in
2037 1804 2363 1893 Quercu

306 1914 551 1991 flores
597 1917 1370 1994 masculiamentum
1402 1916 1773 2003 formant,
1820 1912 2144 1991 feminei
2189 1930 2362 1984 non

305 2025 443 2118 ita,
525 2031 635 2106 sic
707 2031 796 2106 in
874 2032 1149 2107 Betula
1208 2031 1448 2108 flores
1520 2030 1851 2106 masculi
1919 2053 1962 2104 e
2026 2023 2362 2125 gemmis

305 2142 715 2274 prodeunt
771 2143 1142 2221 floriferis
1200 2160 1554 2235 tantum,
1635 2142 1958 2222 feminei
2023 2167 2087 2217 e
2146 2162 2363 2238 gem-

305 2258 463 2332 mis
511 2256 743 2333 ssori-
756 2257 1119 2336 foliiferis
1171 2276 1309 2337 etc.
2357 2283 2364 2292 ’

501 2372 928 2449 Dicliniam
996 2375 1346 2476 spuriam
1409 2399 1658 2463 voco,
1733 2373 1797 2450 si
1871 2370 2114 2448 flores
2190 2392 2362 2445 non

307 2486 463 2584 nisi
527 2484 841 2563 defectu
904 2489 1333 2563 staminum
1396 2503 1533 2564 aut
1588 2489 2069 2590 pistillorum
2137 2483 2366 2559 diffe-

309 2615 518 2676 runt.
620 2602 748 2677 Sic
795 2602 880 2675 in
929 2602 1259 2688 palmis,
1325 2602 1903 2700 Chamaerope,
1960 2599 2364 2676 Phoenice

311 2717 629 2792 nullum
706 2714 924 2790 aliud
1003 2715 1427 2791 discrimen
1485 2714 1694 2789 inter
1755 2712 2020 2788 flores
2054 2735 2365 2785 mascu-

310 2829 436 2905 los
502 2845 578 2906 et
637 2827 1063 2915 seminem,
1140 2829 1249 2904 sic
1309 2829 1392 2902 in
1476 2825 2022 2926 CyperoideiS,
2094 2823 2204 2898 sic
2275 2822 2364 2897 in

310 2942 947 3023 Amaranthaceis
1005 2942 1440 3041 multisque
1482 2940 1669 3015 ·aliis
1741 2937 1957 3013 nulla
2033 2937 2175 3012 alia
2254 2949 2370 3012 est

317 3056 778 3134 differentia.
889 3062 983 3133 In
1042 3058 1168 3132 his
1235 3055 1687 3156 saepissime
1751 3074 2080 3155 quoque
2126 3049 2369 3125 flores

312 3169 946 3270 hermaphroditi
1040 3172 1248 3248 inter
1338 3166 1737 3245 masculos
1816 3165 2370 3265 femineosque

320 3297 815 3358 enascuntur.

518 3399 724 3471 Sunt
767 3395 1007 3472 flores
1056 3400 1379 3476 masculi
1400 3459 1419 3487 ,
1481 3399 1570 3473 in
1621 3397 1915 3498 quibus
1960 3394 2370 3472 rudimen-

204 3544 211 3551 ’
318 3524 496 3584 tum
559 3510 932 3607 germinis
984 3509 1229 3598 adest,
1282 3536 1344 3587 e.
1396 3535 1464 3609 g.
1511 3512 1601 3586 in
1651 3512 1914 3589 Urtica
1965 3510 2191 3613 quod
2237 3536 2373 3613 pa-

317 3622 765 3725 racarpium
817 3622 1170 3698 dixerim.

510 3737 783 3814 Planta
843 3739 1222 3813 monoica
1286 3737 1377 3814 in
1436 3701 1716 3818 eadem
1774 3741 2014 3843 stirpe
2073 3737 2379 3843 profert

318 3851 560 3929 flores
623 3852 1018 3928 masculos
1080 3867 1158 3928 et
1201 3851 1624 3941 seminem,
1672 3854 1934 3961 planta
1987 3844 2242 3928 dioica
2289 3852 2377 3927 in
2453 3856 2460 3860 ’

325 3964 647 4043 diversis
701 3963 1119 4075 stirpibus.
1250 3974 1438 4045 Pars
1515 3967 1978 4066 androgyna
2034 3982 2378 4054 vocatur,

327 4080 821 4180 quae-flores
870 4081 1291 4158 masculos
1320 4097 1397 4158 et
1443 4078 1839 4160 femineos
1887 4079 2207 4182 profert.
