2843 4800
570 282 671 360 62
1374 285 1815 367 FORMA'

735 481 1109 559 variatio
1181 483 1792 585 compositionis
1857 487 2259 571 varietates
2331 494 2611 600 saepis·

564 596 767 674 sime
844 595 1237 700 producit.
1363 599 1858 702 Experientia
1955 602 2224 705 itaque
2303 620 2621 699 tantum

563 709 1017 800 conficitur,
1068 736 1168 793 an
1217 713 1540 793 variatio
1591 717 2180 818 compositione
2224 721 2611 822 producta

561 824 665 909 ad
715 825 1355 926 distinguendam
1402 830 1750 931 speciem
1793 829 2157 908 sufficiat.
2266 834 2606 912 Variatio

561 964 766 1043 quae
805 941 1207 1043 varietates
1243 943 1622 1045 producit
1649 944 1853 1045 intra
1875 945 2172 1047 ‚limites
2213 949 2461 1053 magis
2496 977 2608 1027 ar-

560 1070 729 1141 ctos
759 1055 1133 1160 persistit;
1167 1081 1372 1159 quae
1402 1058 1722 1160 species,
1753 1058 1958 1138 ultra
2001 1060 2245 1138 hosce
2276 1065 2568 1145 transit.
2603 1108 2610 1119 ·

474 1294 479 1295 ἢ
555 1292 702 1403 39.
776 1289 1277 1397 ‘Partium
1343 1303 1445 1387 et
1504 1292 1752 1421 hinc
1814 1294 2394 1415 plantarum
2454 1329 2608 1390 va-

568 1508 575 1513 .
681 1432 973 1523 riatio
1035 1434 1148 1524 in
1205 1434 1574 1549 majori
1605 1436 2132 1527 :minorive
2184 1446 2609 1531 assimila·-

677 1581 913 1663 tz'one
944 1566 961 1685 J
977 1586 1078 1667 et
1135 1581 1615 1668 mutatione
1675 1577 2004 1696 posita
2069 1590 2237 1670 est.
2343 1604 2374 1611 ”
2475 1606 2484 1611 ’

744 1732 1328 1826 Assimilatione
1390 1774 1573 1850 pars
1633 1747 1969 1826 fulciens
2015 1749 2103 1825 in
2169 1774 2609 1854 expansam,

553 1889 885 1968 expansa
956 1863 1042 1939 in
1104 1860 1624 1940 involutivam
1684 1863 1961 1939 transit
2022 1879 2099 1942 et
2145 1866 2317 1943 vice
2367 1892 2606 1943 versa.

548 1982 615 2057 E
680 1979 1008 2077 regione
1072 1976 1339 2076 itaque
1398 1976 1484 2051 in
1536 1974 1774 2052 aliam
1817 1977 2233 2077 regionem
2283 1979 2608 2057 adscen-

551 2093 673 2200 dit
718 2106 854 2169 aut
903 2088 1311 2166 descendit
1356 2113 1557 2191 pars,
2371 2164 2376 2169 ,

747 2205 1012 2285 Caulis
1063 2203 1308 2279 alatus
1356 2203 1452 2279 fit
1500 2216 1576 2278 et
1620 2203 2293 2297 membranaceus
2326 2210 2603 2323 petioli

550 2323 727 2402 alati
804 2335 882 2397 et
951 2318 1261 2404 foliacei
1328 2315 1708 2434 evadunt,
1769 2317 1961 2397 folia
2030 2316 2609 2402 contrahuntur

548 2440 627 2515 et
671 2421 997 2542 petiolis'
1012 2420 1327 2512 similes
1374 2429 1652 2510 fiunt
1731 2517 1734 2523 ἢ
1987 2453 1994 2466 ‘

743 2550 1092 2628 Stamina
1152 2571 1527 2653 persaepe
1573 2550 1658 2624 in
1707 2548 1961 2654 petala
2006 2564 2436 2642 transeunt,
2486 2581 2603 2630 ra-

472 2667 475 2674 ”
543 2666 713 2744 rius
761 2663 1013 2769 petala
1063 2665 1148 2740 in
1199 2665 1552 2748 stamina.

741 2778 1180 2858 Obvolutio
1247 2779 1679 2855 staminum
1751 2778 1838 2855 in
1906 2780 2204 2856 corolla
2269 2782 2603 2880 papilio·

448 2891 451 2900 ’
541 2917 813 2983 uacca,
878 2907 970 2974 ut
1032 2907 1108 2971 et
1146 2893 1289 2968 in
1315 2893 1612 2972 corolla
1661 2894 2008 2991 ringeate
2059 2907 2137 2968 et
2181 2910 2601 3024 personata

539 3009 964 3088 transitus
988 3021 1151 3086 est
1144 3009 1528 3112 p'a'rtium
1611 3029 2128 3152 expansarum
2207 3004 2295 3080 in
2372 3006 2603 3084 invo-

538 3121 838 3203 lutivas.

733 3242 945 3315 Haec
995 3235 1326 3339 quidem
1377 3232 1828 3311 assimilatio
1867 3246 2234 3310 constans
2269 3248 2399 3311 est
2421 3239 2596 3340 spe·

541 3352 842 3438 eiebUS,
938 3347 1362 3446 generibus
1437 3362 1528 3425 et
1606 3347 2025 3438 ordinibus
2106 3350 2594 3429 naturalibus

539 3462 913 3542 solennis.
1036 3462 1204 3539 Alia
1270 3485 1468 3538 vero
1553 3476 1670 3540 est
1746 3464 2071 3544 varians.
2199 3464 2592 3543 Videmus

539 3578 755 3656 enim
821 3575 1182 3653 varietate
1232 3576 1540 3654 caulem
1588 3575 1762 3655 fieri
1812 3576 2352 3656 fasciatum‘et
2391 3576 2593 3656 inde

535 3693 702 3772 fere
749 3691 1208 3779 foliaceum‚
1257 3690 1568 3794 saepius
1617 3714 1806 3772 vero
1856 3693 2188 3772 stamina
2220 3692 2305 3772 in
2336 3691 2593 3794 petala

539 3807 842 3885 dilatari
917 3817 1020 3884 et‘
1064 3805 1354 3884 florem
1426 3804 2037 3909 muitiplicatum
2112 3820 2191 3883 et
2258 3806 2593 3910 plenum

538 3921 883 3999 evadere.
1018 3919 1421 4000 Varietate·
1479 3945 1822 4024 quoque.
1880 3919 2215 4016 labiatus
2284 3919 2441 3998 flos
2466 3946 2476 3954 ·
2504 3920 2591 3996 in

536 4036 974 4135 regularem
1049 4033 1286 4127 redit,
1359 4033 1585 4134 cujus
1672 4034 2025 4139 exempla
2114 4036 2198 4113 in
2279 4032 2589 4128 Peloria
