2843 4800
491 337 640 410 31⁰
1350 331 1676 411 FLOS.

501 534 842 613 sistentia
907 530 1437 631 pericarpium
1499 533 1863 633 spurium
1926 531 2332 608 Nelumbii
2385 557 2565 674 spe-

502 649 695 725 ciosi
744 646 1100 723 formant
1149 647 1509 747 (Turpin
1558 648 1605 721 l.
1657 647 1785 742 c..)
1919 698 1928 703 -
2553 687 2558 692 v

695 760 1243 860 Gynohasium
1291 763 1411 836 De
1465 759 1848 837 Candolle
1899 759 2207 857 (Annal.
2261 759 2333 835 d.
2353 765 2563 837 M-u-

502 902 751 953 seum.
826 880 917 949 T.
991 877 1105 949 17.
1177 899 1253 973 Ρ.
1326 865 1544 972 398.)
1617 874 1923 950 vocavit
1992 874 2565 974 gynophorum

501 990 885 1092 pistillum
952 986 1345 1062 sustinens
1409 1013 1594 1063 cum
1661 988 2174 1086 germinibus:
2208 987 2569 1063 ambien-

500 1106 733 1181 tibus,
783 1100 1220 1180 :Fascicult
1259 1101 1548 1199 lig'nosi
1601 1129 1643 1179 e
1693 1101 1984 1203 pistillo
2034 1100 2141 1176 ad
2205 1101 2568 1197 germina

501 1232 996 1295 transeuntes
1070 1239 1217 1316 per
1288 1217 1814 1313 gynobasium
1878 1228 2305 1292 transeunt.
2419 1216 2571 1290 Ac·—

505 1333 811 1408 curate
834 1330 935 1408 de
995 1330 1144 1405 hac
1203 1343 1421 1430 parte
1469 1332 1822 1407 tractavit
1865 1333 2058 1428 Aug.
2114 1312 2218 1405 st.
2269 1328 2570 1416 Hilaire

504 1446 910 1545 (Memoir.
978 1443 1051 1519 d.
1098 1448 1492 1521 Museum.
1547 1450 1635 1522 T.
1688 1449 1801 1522 10.
1852 1472 1930 1547 Ρ
1979 1443 2213 1539 132).
2287 1442 2566 1519 Labia-

464 1553 658 1648 itae,
712 1553 1193 1637 Ochnaceae.

684 1677 924 1758 Setae
991 1672 1188 1748 circa
1251 1685 1576 1770 germen
1640 1672 2321 1776 Cyperoidearum
2372 1695 2568 1771 qua-

501 1786 850 1864 rundam
922 1786 1084 1862 huc
1146 1803 1476 1888 quoqiae
1537 1790 2034 1889 pertinent.
2085 1790 2295 1863 Cum
2362 1799 2567 1860 stru-

504 1916 809 1979 cturam
856 1901 1097 2003 pappi
1129 1900 1490 1989 habeant,
1539 1900 1779 1999 hujus
1813 1895 2114 1978 nomen
2155 1900 2565 1986 retineant,

504 2011 717 2091 nam
760 2037 1068 2116 pappus
1108 2037 1299 2094 'non
1363 2029 1669 2117 partem
1737 2017 2084 2117 (quippe
2135 2015 2289 2116 qui
2352 2015 2567 2112 calyx

510 2130 599 2203 in
648 2128 1141 2229 Compositis
1193 2128 1385 2224 est),
1438 2130 1576 2206 sed
1626 2128 1976 2204 sormam
2024 2129 2335 2204 indicat.

700 2242 1125 2341 Capsulam
1193 2266 1558 2342 quoque*
1588 2241 1798 2317 dicas
1861 2243 2366 2343 perigynium
2421 2244 2566 2318 Ca-
2677 2245 2680 2246 ⁷

504 2355 686 2431 ricis
747 2353 1081 2431 eandem
1152 2356 1260 2430 ob
1320 2379 1658 2431 causam.
1770 2358 2120 2434 Nomine
2179 2356 2561 2459 perigynii

494 2468 684 2568 *jam
726 2462 925 2544 olim
991 2467 1328 2544 distinxi.
1443 2471 1806 2568 Calycem
1884 2473 2298 2548 baccatum
2373 2471 2564 2546 Taxi

508 2584 670 2695 huc
718 2579 1097 2659 referrem
1156 2609 1304 2660 uec
1367 2583 1469 2711 ad
1528 2586 1956 2661 involucra.
2079 2586 2243 2662 Sed
2313 2587 2567 2661 incer-

506 2712 636 2774 tus
685 2722 885 2772 sum.

698 2811 1066 2911 Calyptr'a
1156 2817 1658 2902 Muscorum‚
1776 2838 1980 2916 quae
2080 2828 2564 2894 excrescente

508 2887 985 3026 gynophoro
1075 2921 1542 3002 dilaceratur
1622 2942 1699 3004 et
1773 2931 2132 3029 capsulae
2187 2929 2560 3015 inhaeret,

508 3037 748 3138 hujus
837 3039 994 3115 loci
1095 3054 1227 3116 est.
1366 3044 1469 3117 At
1554 3045 1865 3140 vagina,
1961 3058 2242 3145 utpote
2300 3043 2560 3119 multo

511 3156 843 3230 crassior
888 3176 1039 3228 nec
1088 3179 1533 3230 excrescens
1581 3158 1969 3256 perigonii
2011 3159 2324 3233 *vicibus
2383 3156 2565 3233 fun-

444 3296 457 3301 ·
510 3268 739 3364 gitur.
840 3269 1091 3366 (Nees
1167 3283 1245 3343 et
1306 3266 1825 3347 Hornschuth
1898 3272 2320 3371 Bryologia
2397 3296 2563 3371 ger-

511 3384 719 3479 man.
767 3405 842 3482 p.
890 3380 1207 3477 XVIII.)

515 3630 718 3721 178.
840 3628 1171 3750 Deficit
1232 3604 1709 3751 pistillum
1769 3633 1879 3724 in
1911 3637 2311 3754 floribus
2384 3647 2562 3735 sta-

532 3876 535 3879 ·
635 3769 998 3861 mineis
1111 3800 1291 3861 seu
1400 3780 1882 3863 masculis
1931 3789 2032 3865 et
2135 3766 2563 3871 floribus

490 3958 500 3962 ἡ
633 3918 1006 4017 neutras,-
1088 3908 1787 4095 Cryptophyta
1849 3929 1954 4009 et
2011 3913 2370 4006 Filices
2437 3941 2558 4003 eo

636 4064 1009 4140 carent.
1268 4082 1299 4097 ¹·
