2843 4800
913 347 1800 448 mrnonuofmo.
2199 446 2202 449 ,
2322 360 2384 474 ξ

196 596 201 601 ‚
334 560 415 671 2.
539 548 1005 670 Corpora
1076 551 1574 644 naturalia
1627 564 1807 649 aut
1862 550 2372 657 individua

453 705 721 794 sunt,
795 703 966 781 aut
1016 687 1165 782 ad
1218 689 1841 863 individuam
1879 706 2370 788 naturam

453 829 971 925 accedunt.
1168 853 1176 861 ·

523 987 835 1088 Corpus
890 964 1416 1064 individuum
1495 985 1718 1071 varia*
1783 985 2372 1085 .significatione

330 1100 634 1180 dicitur.
755 1099 1035 1177 Cicero
1088 1097 1605 1177 individuum
1663 1096 1992 1187 vocabat
2039 1118 2370 1197 atomon

330 1216 479 1317 (de
522 1228 688 1293 nat.
737 1216 979 1289 Deor.
1020 1216 1108 1315 L.
1156 1216 1223 1291 1.
1273 1237 1334 1289 c.
1356 1215 1547 1319 23.)
1611 1212 1857 1307 latino
1912 1214 2242 1319 quidem
2295 1228 2372 1323 at

324 1343 514 1406 tunc
572 1327 959 1435 temporis
1028 1350 1245 1407 novo
1319 1328 1788 1409 vocabulo..
1854 1332 2023 1409 Nos
2086 1330 2370 1427 indiv17

328 1442 583 1521 duum
630 1466 1008 1518 vocamus
1046 1466 1377 1543 corpus,
1430 1428 1655 1545 quod
1708 1438 1801 1518 ab
1835 1467 2004 1523 uno
2019 1438 2367 1539 eodem·

229 1552 234 1557 ’
326 1582 488 1659 que
542 1556 930 1658 principio
997 1556 1312 1633 interno
1380 1553 1993 1645 determinatum
2056 1574 2202 1659 est
2267 1546 2369 1657 ad

322 1670 661 1747 idealem
712 1670 989 1773 potius
1048 1693 1299 1772 quam
1359 1667 1462 1746 ad
1524 1669 1818 1751 realem
1865 1673 2368 1775 respicientes

324 1784 811 1861 divisionem.
1263 1814 1270 1824 ·

512 1901 873 2001 Corpora
922 1895 1287 1996 organica
1335 1895 1750 1977 individua
1786 1922 1951 1979 esse
1985 1896 2183 1979 nulli
2221 1896 2368 1976 du-

313 2014 584 2090 bitant.
682 2012 1086 2090 Mineralia
1136 2035 1303 2087 non
1352 2014 1524 2087 e'sse
1569 2002 1980 2095 individua
2017 2012 2164 2091 nisi
2203 2036 2368 2111 cry-

314 2129 512 2204 stalli
586 2124 913 2214 fuerint,
988 2124 1187 2201 olim
1259 2123 1862 2215 adfirmaveram
1938 2123 2233 2224 (Beytr.
2301 2153 2366 2221 Ζ.
2447 2194 2473 2213 ,,

310 2240 819 2339 Naturgesch.
871 2245 935 2316 1.
962 2243 1054 2317 Η.
1106 2242 1317 2317 1793.
1336 2265 1441 2347 p.
1471 2240 1645 2335 90..)
1729 2242 1842 2325 At
1881 2240 2152 2323 omnia
2188 2265 2362 2327 esse

308 2355 752 2444 individua,
838 2352 1292 2430 Karstenius
1382 2353 1730 2454 probare
1814 2353 2136 2432 tentavit
2217 2350 2364 2464 (Ν

315 2469 624 2549 Schrist.
676 2469 751 2545 d.
798 2467 1087 2552 Berlin.
1139 2466 1558 2546 Gesellsch.
1609 2452 2366 2566 naturforsohender'

307 2584 680 2680 Freunde
756 2588 820 2657 1.
890 2585 975 2659 B.
1046 2608 1122 2683 p.
1190 2580 1405 2679 288.)
1502 2579 1646 2658 alia
1733 2579 1986 2668 fretus
2082 2577 2364 2668 defini-

309 2699 539 2773 tione
584 2677 987 2771 individui.
1107 2694 1520 2796 Respondi
1592 2694 1763 2774 viro
1825 2695 2360 2790 celeberrimo

310 2814 617 2910 (Beytr.
684 2834 745 2883 Ζ.
793 2807 1292 2905 Naturgesch.
1357 2811 1426 2883 3.
1476 2812 1569 2886 Η.
1631 2809 1988 2918 Ρ1.39..)
2105 2816 2363 2907 Quae-

310 2925 498 3001 dam
575 2948 901 3025 quoque
973 2920 1282 2997 addidit
1364 2836 1802 3008 Bernhardi
1872 2921 2365 3022 (Leonhard

308 3038 744 3115 Taschenh.
793 3035 844 3111 f.
892 3033 1350 3131 Mineralog.
1401 3039 1471 3109 3.
1501 3034 1862 3144 ὖειΙιι3Ρ
1867 3036 2092 3131 ..60)
2156 3039 2364 3116 Cor-

303 3177 505 3253 pora
574 3151 981 3228 minerarlia
1031 3148 1304 3224 omnia
1355 3170 1522 3223 esse
1569 3146 1982 3238 individua
2034 3146 2141 3223 oh
2201 3171 2364 3230 cer-

302 3280 473 3341 tam
556 3266 906 3365 partium
1013 3261 1665 3342 constituentium
1745 3261 2361 3364 proportionem

305 3378 666 3457 Okenius
712 3377 1254 3480 pronuntiavit
1303 3376 1758 3476 (Lehrbuch
1795 3374 1883 3454 ·.d
1927 3377 2368 3508 Naturphif

300 3477 613 3594 Iosoph.
680 3498 770 3569 T.
818 3496 885 3597 2.
948 3519 1027 3594 Ρ.
1082 3490 1261 3589 12).
1380 3494 1484 3568 At
1529 3491 1732 3572 haec
1797 3491 2218 3598 proportio
2271 3490 2359 3576 in

296 3606 701 3707 particulis
749 3606 1104 3682 minimis
1155 3630 1483 3709 quoque
1534 3605 1869 3693 obtinet,
1937 3619 2015 3682 et
2076 3629 2359 3685 conco·

153 3749 158 3755 ·
300 3720 602 3808 dimuS,
656 3718 1052 3822 ejusmodi
1102 3718 1567 3821 particulam
1615 3744 1783 3800 esse
1831 3719 2355 3810 ἰιιάὶνίᾶιιειιιι

300 3839 526 3929 Quae
591 3859 782 3910 vero
854 3859 946 3911 ex
1008 3834 1222 3910 hisce
1283 3833 1681 3935 particulis
1747 3848 2117 3938 ‚congesta
2169 3845 2360 3930 sunt

224 3959 238 3974 ·
294 3948 744 4037 numeralia,
813 3974 1167 4051 quorum
1225 3945 1679 4037 fracturam,
1728 3960 2116 4030 texturam
2167 3946 2356 4047 (ab-

296 4061 773 4159 gesonderte
837 4063 1202 4162 Stiicke),
1232 4057 1627 4141 duritiem
1691 4076 1829 4137 etc.
1871 4085 1972 4142 ex
2017 4061 2356 4162 particu-

1656 4178 1700 4252 1
1726 4178 1759 4218 t
