2843 4800
810 364 817 371 ·
902 314 1057 392 VB
1075 311 1636 391 GETATIO.
2140 316 2289 391 413

249 519 359 596 cis
409 515 509 595 ad
556 514 1075 593 semina-esse
1123 510 1581 611 Hedwigius
1629 524 1855 614 putat
1916 514 2290 615 (Samml.

248 633 435 709 sein.
493 641 889 706 zerstreut.
950 626 1730 725 AbhandlungemT.
1766 632 1830 704 1.
1845 627 1913 725 ).·
1960 634 2113 705 Per
2140 630 2294 704 mi-

249 745 623 848 cropylen
677 764 949 818 semen
1008 739 1224 817 adire
1274 741 1583 841 Turpin
1627 755 1869 843 putat.
1948 746 2135 819 Non
2179 745 2292 819 vi·

249 859 405 935 deo
482 883 626 958 cur
701 853 1091 953 ejusmodi
1169 856 1497 932 materia
1570 855 1655 930 in
1689 854 2007 932 eodem
2068 856 2293 933 fasci-

248 972 435 1048 culo
489 980 533 1047 a
582 970 939 1068 stigmate
986 967 1319 1057 advecta,
1367 970 1454 1046 in
1502 969 1677 1070 ipso
1727 969 1865 1045 illo
1913 968 2290 1048 fasciculo

248 1107 524 1160 semen
583 1084 876 1158 intrare
924 1095 1283 1183 nequeat·
1378 1082 1854 1185 Hypothesis
1904 1097 2019 1159 est
2063 1084 2289 1177 nullo
2421 1177 2430 1181 ς
2483 1165 2492 1170 ,

246 1197 445 1275 fulta
513 1209 1003 1295 argumento.
1113 1200 1300 1272 Non
1363 1197 1837 1275 crediderim
1883 1198 2295 1274 materiam

246 1308 812 1389 fecundantem
844 1308 1468 1386 esubtilissimam
1526 1311 1660 1387 tali
1720 1311 1844 1387 via
1914 1310 2291 1411 indigere,

250 1424 392 1503 sed
461 1422 767 1500 actione
826 1422 1094 1525 potius
1152 1423 1589 1521 galvanicae
1653 1423 1899 1501 simili
1970 1425 2057 1500 in
2129 1450 2295 1502 em-

249 1539 644 1635 bryonem
703 1558 962 1634 agere,
1041 1535 1352 1638 ipsique
1414 1536 1711 1614 inferre
1779 1536 2295 1640 polaritate1n,

253 1675 460 1752 quae
529 1650 774 1726 vitam
851 1648 1224 1727 accendat
1297 1651 1437 1728 uti‘
1480 1651 1925 1751 Kielmeyer
2016 1668 2295 1730 auctor

253 1778 374 1841 est
420 1767 611 1865 (207
628 1763 684 1861 ).

438 1877 984 1985 Embryonem
1034 1892 1211 1954 ante
1258 1876 1913 1957 secundationem
1942 1881 2294 1983 plerum-

249 2017 409 2094 que
471 2015 644 2067 non
705 1990 1055 2079 existere,
1120 2015 1291 2067 non
1352 1994 1818 2092 negaverim.
1931 1993 2117 2075 Vidi
2180 2010 2295 2071 ta-

248 2131 437 2183 men
531 2104 619 2180 in
694 2104 1143 2181 Mercuriali
1225 2106 1559 2208 elliptica
1636 2106 1964 2196 femina,
2043 2109 2294 2184 nullis

249 2218 620 2296 masculis
682 2216 1035 2319 praedita
1098 2217 1435 2296 floribus
1502 2224 1598 2297 eo
1665 2234 2062 2323 tempore,
2124 2248 2291 2329 quo

252 2333 572 2413 nullum
621 2329 840 2408 aliud
884 2329 1154 2408 forsan
1200 2332 1287 2408 in
1321 2335 1738 2413 Germania
1788 2333 2026 2435 hujus
2073 2335 2295 2438 plan-

251 2464 377 2526 tae
474 2446 842 2523 existebat
934 2445 1363 2547 specimen,
1451 2473 1594 2547 per
1684 2450 1952 2552 plures
2041 2475 2295 2527 annos

254 2563 557 2639 semina
621 2561 1054 2656 embryone
1109 2558 1549 2635 luculenter
1619 2563 1969 2660 praedita
1988 2621 2008 2650 ,
2089 2572 2296 2663 quae

253 2692 525 2754 tamen
585 2698 729 2776 per
790 2672 1057 2774 plures
1122 2695 1372 2749 annos
1446 2683 1607 2746 sata
1677 2696 1847 2747 non
1909 2677 2298 2771 germina-

253 2804 461 2878 runt,
515 2787 773 2865 donec
824 2786 966 2863 alia
1011 2786 1310 2862 semina
1345 2782 1666 2887 epatria
1700 2784 1918 2861 allata
1950 2788 2297 2864 mascula

253 2901 700 2990 individua,
765 2924 912 2976 nec
973 2924 1143 2977 non
1186 2889 1674 2996 'androgyna
1757 2898 2298 3001 produxerint,

259 3018 551 3117 quibus
599 3039 816 3091 nunc
861 3014 1122 3115 planta
1172 3026 1663 3114 propagatur.

454 3129 894 3222 Quomodo
974 3128 1059 3205 in
1140 3125 1560 3207 Orchideis
1629 3123 2085 3203 fecundatio
2160 3125 2300 3204 fiat

262 3240 735 3317 Treviranus
801 3242 911 3340 (v,
976 3241 1084 3337 s.)
1151 3241 1527 3345 exposuit,
1634 3242 1729 3318 In
1777 3239 2300 3341 Asclepiadeis

255 3379 406 3457 per
485 3355 946 3454 corpuscula
1015 3355 1189 3445 ista,
1262 3380 1466 3457 quae
1539 3353 1897 3442 antheras
1970 3352 2299 3431 effoetas

261 3467 453 3555 dixi,
515 3466 1120 3568 impressionem
1176 3470 1409 3554 istam
1469 3468 1782 3546 vitalem
1855 3468 1942 3543 in
2014 3469 2299 3567 stigma

256 3579 434 3657 fieri
484 3604 670 3657 cum
720 3582 1147 3659 Trevirano
1195 3582 1652 3684 putaverim.

266 3880 467 3967 211.
586 3880 1082 3970 Matura'tz'o
1147 3885 1493 3971 senu'nz's
1563 3877 1695 3982 fit,
1764 3908 1996 3974 cum
2045 3891 2300 3972 testa

386 4017 731 4111 colore
793 4034 907 4111 ut
964 4019 1514 4141 plurimum
1576 4020 1882 4124 fusco,
1947 4033 2116 4111 aut
2152 4020 2298 4109 ni-
