<?xml version="1.0" encoding="UTF-8"?>
<!DOCTYPE html PUBLIC "-//W3C//DTD XHTML 1.0 Transitional//EN"
    "http://www.w3.org/TR/xhtml1/DTD/xhtml1-transitional.dtd">
<html xmlns="http://www.w3.org/1999/xhtml" xml:lang="en" lang="en">
 <head>
  <title>
</title>
<meta http-equiv="Content-Type" content="text/html;charset=utf-8" />
  <meta name='ocr-system' content='tesseract 3.04.00' />
  <meta name='ocr-capabilities' content='ocr_page ocr_carea ocr_par ocr_line ocrx_word'/>
</head>
<body>
  <div class='ocr_page' id='page_1' title='image "./elementaphiloso01linkgoog_0152.png"; bbox 0 0 2843 4800; ppageno 0'>
   <div class='ocr_carea' id='block_1_1' title="bbox 566 305 1797 420">
    <p class='ocr_par' dir='ltr' id='par_1_1' title="bbox 566 305 1797 420">
     <span class='ocr_line' id='line_1_1' title="bbox 566 305 1797 420; baseline 0.001 -8"><span class='ocrx_word' id='word_1_1' title='bbox 566 339 707 416; x_wconf 78' lang='lat'><strong>144</strong></span> <span class='ocrx_word' id='word_1_2' title='bbox 829 305 833 309; x_wconf 60' lang='lat'><em>&#39;</em></span> <span class='ocrx_word' id='word_1_3' title='bbox 1355 341 1797 420; x_wconf 77' lang='lat' dir='ltr'><strong>GAULIS..</strong></span> 
     </span>
    </p>
   </div>
   <div class='ocr_carea' id='block_1_2' title="bbox 504 555 2612 1906">
    <p class='ocr_par' dir='ltr' id='par_1_2' title="bbox 504 555 2612 1906">
     <span class='ocr_line' id='line_1_2' title="bbox 562 555 2591 659; baseline 0.002 -29"><span class='ocrx_word' id='word_1_4' title='bbox 562 556 789 644; x_wconf 86' lang='lat' dir='ltr'><strong>mori,</strong></span> <span class='ocrx_word' id='word_1_5' title='bbox 836 555 954 654; x_wconf 86' lang='lat' dir='ltr'><strong>uti</strong></span> <span class='ocrx_word' id='word_1_6' title='bbox 1002 556 1334 655; x_wconf 85' lang='lat' dir='ltr'><strong>primus,</strong></span> <span class='ocrx_word' id='word_1_7' title='bbox 1401 558 1538 658; x_wconf 89' lang='lat' dir='ltr'><strong>qui</strong></span> <span class='ocrx_word' id='word_1_8' title='bbox 1602 557 1746 633; x_wconf 83' lang='lat' dir='ltr'><strong>hac</strong></span> <span class='ocrx_word' id='word_1_9' title='bbox 1799 556 1897 633; x_wconf 93' lang='lat' dir='ltr'><strong>de</strong></span> <span class='ocrx_word' id='word_1_10' title='bbox 1945 582 2031 633; x_wconf 90' lang='lat' dir='ltr'><strong>re</strong></span> <span class='ocrx_word' id='word_1_11' title='bbox 2079 559 2383 659; x_wconf 81' lang='lat' dir='ltr'><strong>scripsit</strong></span> <span class='ocrx_word' id='word_1_12' title='bbox 2428 562 2591 635; x_wconf 88' lang='lat' dir='ltr'><strong>Do-</strong></span> 
     </span>
     <span class='ocr_line' id='line_1_3' title="bbox 564 659 2592 767; baseline 0 -23"><span class='ocrx_word' id='word_1_13' title='bbox 564 659 735 767; x_wconf 87' lang='lat' dir='ltr'><strong>dart</strong></span> <span class='ocrx_word' id='word_1_14' title='bbox 800 670 1083 766; x_wconf 90' lang='lat' dir='ltr'><strong>(Mem.</strong></span> <span class='ocrx_word' id='word_1_15' title='bbox 1149 670 1248 745; x_wconf 88' lang='lat' dir='ltr'><strong>de</strong></span> <span class='ocrx_word' id='word_1_16' title='bbox 1296 671 1467 747; x_wconf 83' lang='lat' dir='ltr'><strong>l’Ac.</strong></span> <span class='ocrx_word' id='word_1_17' title='bbox 1521 669 1593 744; x_wconf 91' lang='lat' dir='ltr'><strong>d.</strong></span> <span class='ocrx_word' id='word_1_18' title='bbox 1648 675 1763 745; x_wconf 92' lang='lat' dir='ltr'><strong>Sc.</strong></span> <span class='ocrx_word' id='word_1_19' title='bbox 1813 675 2058 759; x_wconf 70' lang='lat'>1700„</span> <span class='ocrx_word' id='word_1_20' title='bbox 2111 672 2236 746; x_wconf 88' lang='lat' dir='ltr'><strong>alii</strong></span> <span class='ocrx_word' id='word_1_21' title='bbox 2285 672 2592 760; x_wconf 86' lang='lat' dir='ltr'><strong>lumini,</strong></span> 
     </span>
     <span class='ocr_line' id='line_1_4' title="bbox 563 783 2592 886; baseline 0 -27"><span class='ocrx_word' id='word_1_22' title='bbox 563 784 687 860; x_wconf 87' lang='lat' dir='ltr'><strong>alii</strong></span> <span class='ocrx_word' id='word_1_23' title='bbox 753 784 1124 880; x_wconf 85' lang='lat' dir='ltr'><strong>gravitati,</strong></span> <span class='ocrx_word' id='word_1_24' title='bbox 1208 784 1332 858; x_wconf 88' lang='lat' dir='ltr'><strong>alii</strong></span> <span class='ocrx_word' id='word_1_25' title='bbox 1395 797 1559 858; x_wconf 84' lang='lat' dir='ltr'><strong>tam</strong></span> <span class='ocrx_word' id='word_1_26' title='bbox 1619 783 1903 859; x_wconf 91' lang='lat' dir='ltr'><strong>lumini</strong></span> <span class='ocrx_word' id='word_1_27' title='bbox 1925 820 1929 824; x_wconf 52' lang='lat'>&lt;</span> <span class='ocrx_word' id='word_1_28' title='bbox 1955 810 2198 886; x_wconf 89' lang='lat' dir='ltr'><strong>quam</strong></span> <span class='ocrx_word' id='word_1_29' title='bbox 2245 786 2592 884; x_wconf 83' lang='lat' dir='ltr'><strong>gravitati</strong></span> 
     </span>
     <span class='ocr_line' id='line_1_5' title="bbox 558 896 2592 999; baseline 0.001 -26"><span class='ocrx_word' id='word_1_30' title='bbox 558 899 1003 974; x_wconf 87' lang='lat' dir='ltr'><strong>tribuerunt</strong></span> <span class='ocrx_word' id='word_1_31' title='bbox 1064 896 1355 972; x_wconf 83' lang='lat' dir='ltr'><strong>hancce</strong></span> <span class='ocrx_word' id='word_1_32' title='bbox 1416 897 1974 986; x_wconf 88' lang='lat' dir='ltr'><strong>directionem,</strong></span> <span class='ocrx_word' id='word_1_33' title='bbox 2052 923 2252 999; x_wconf 87' lang='lat' dir='ltr'><strong>quae</strong></span> <span class='ocrx_word' id='word_1_34' title='bbox 2321 913 2592 975; x_wconf 86' lang='lat' dir='ltr'><strong>contra</strong></span> 
     </span>
     <span class='ocr_line' id='line_1_6' title="bbox 564 1009 2593 1112; baseline 0 -26"><span class='ocrx_word' id='word_1_35' title='bbox 564 1011 959 1086; x_wconf 88' lang='lat' dir='ltr'><strong>obstacula</strong></span> <span class='ocrx_word' id='word_1_36' title='bbox 1022 1009 1440 1110; x_wconf 89' lang='lat' dir='ltr'><strong>perficitur.</strong></span> <span class='ocrx_word' id='word_1_37' title='bbox 1570 1013 1798 1087; x_wconf 91' lang='lat' dir='ltr'><strong>Varia</strong></span> <span class='ocrx_word' id='word_1_38' title='bbox 1865 1013 2381 1112; x_wconf 87' lang='lat' dir='ltr'><strong>experimenta</strong></span> <span class='ocrx_word' id='word_1_39' title='bbox 2444 1011 2593 1087; x_wconf 91' lang='lat' dir='ltr'><strong>hac</strong></span> 
     </span>
     <span class='ocr_line' id='line_1_7' title="bbox 566 1123 2592 1226; baseline 0 -28"><span class='ocrx_word' id='word_1_40' title='bbox 566 1124 666 1199; x_wconf 89' lang='lat' dir='ltr'><strong>de</strong></span> <span class='ocrx_word' id='word_1_41' title='bbox 715 1148 801 1198; x_wconf 90' lang='lat' dir='ltr'><strong>re</strong></span> <span class='ocrx_word' id='word_1_42' title='bbox 832 1124 1165 1197; x_wconf 83' lang='lat' dir='ltr'>instituit</span> <span class='ocrx_word' id='word_1_43' title='bbox 1198 1123 1618 1222; x_wconf 58' lang='lat' dir='ltr'><strong>dujHamel</strong></span> <span class='ocrx_word' id='word_1_44' title='bbox 1652 1126 1989 1226; x_wconf 90' lang='lat' dir='ltr'><strong>(Physiq.</strong></span> <span class='ocrx_word' id='word_1_45' title='bbox 2043 1124 2115 1199; x_wconf 91' lang='lat' dir='ltr'><strong>d.</strong></span> <span class='ocrx_word' id='word_1_46' title='bbox 2151 1126 2345 1199; x_wconf 89' lang='lat' dir='ltr'><strong>arbr.</strong></span> <span class='ocrx_word' id='word_1_47' title='bbox 2392 1128 2471 1201; x_wconf 91' lang='lat' dir='ltr'><strong>L.</strong></span> <span class='ocrx_word' id='word_1_48' title='bbox 2522 1128 2592 1199; x_wconf 88' lang='grc'><strong>4.</strong></span> 
     </span>
     <span class='ocr_line' id='line_1_8' title="bbox 504 1237 2592 1339; baseline -0 -26"><span class='ocrx_word' id='word_1_49' title='bbox 504 1248 508 1253; x_wconf 83' lang='grc'><strong>’</strong></span> <span class='ocrx_word' id='word_1_50' title='bbox 565 1240 646 1313; x_wconf 92' lang='lat' dir='ltr'><strong>C.</strong></span> <span class='ocrx_word' id='word_1_51' title='bbox 681 1241 746 1339; x_wconf 85' lang='grc'><strong>4.</strong></span> <span class='ocrx_word' id='word_1_52' title='bbox 785 1240 867 1324; x_wconf 89' lang='grc' dir='ltr'><strong>Α,</strong></span> <span class='ocrx_word' id='word_1_53' title='bbox 902 1242 967 1311; x_wconf 87' lang='grc'><strong>6.</strong></span> <span class='ocrx_word' id='word_1_54' title='bbox 1018 1237 1170 1312; x_wconf 88' lang='lat' dir='ltr'><strong>Csr.</strong></span> <span class='ocrx_word' id='word_1_55' title='bbox 1208 1238 1637 1335; x_wconf 70' lang='lat' dir='ltr'><strong>Nachtriige</strong></span> <span class='ocrx_word' id='word_1_56' title='bbox 1674 1264 1735 1313; x_wconf 80' lang='grc' dir='ltr'><strong>Ζ.</strong></span> <span class='ocrx_word' id='word_1_57' title='bbox 1772 1238 1844 1312; x_wconf 92' lang='lat' dir='ltr'><strong>d.</strong></span> <span class='ocrx_word' id='word_1_58' title='bbox 1881 1237 2207 1314; x_wconf 89' lang='lat' dir='ltr'><strong>Grundl.</strong></span> <span class='ocrx_word' id='word_1_59' title='bbox 2244 1237 2315 1311; x_wconf 93' lang='lat' dir='ltr'><strong>d.</strong></span> <span class='ocrx_word' id='word_1_60' title='bbox 2350 1240 2487 1313; x_wconf 90' lang='lat' dir='ltr'><strong>An.</strong></span> <span class='ocrx_word' id='word_1_61' title='bbox 2522 1244 2592 1312; x_wconf 92' lang='lat'><strong>1.</strong></span> 
     </span>
     <span class='ocr_line' id='line_1_9' title="bbox 561 1349 2590 1452; baseline 0 -27"><span class='ocrx_word' id='word_1_62' title='bbox 561 1380 635 1452; x_wconf 92' lang='lat' dir='ltr'><strong>p.</strong></span> <span class='ocrx_word' id='word_1_63' title='bbox 685 1352 882 1447; x_wconf 85' lang='lat'><strong>39.),</strong></span> <span class='ocrx_word' id='word_1_64' title='bbox 946 1376 1144 1451; x_wconf 91' lang='lat' dir='ltr'><strong>quae</strong></span> <span class='ocrx_word' id='word_1_65' title='bbox 1193 1352 1540 1450; x_wconf 89' lang='lat' dir='ltr'><strong>probant</strong></span> <span class='ocrx_word' id='word_1_66' title='bbox 1589 1376 1852 1426; x_wconf 84' lang='lat' dir='ltr'><strong>causas</strong></span> <span class='ocrx_word' id='word_1_67' title='bbox 1904 1353 2160 1427; x_wconf 84' lang='lat' dir='ltr'><strong>allatas</strong></span> <span class='ocrx_word' id='word_1_68' title='bbox 2211 1375 2377 1424; x_wconf 91' lang='lat' dir='ltr'><strong>non</strong></span> <span class='ocrx_word' id='word_1_69' title='bbox 2427 1349 2590 1425; x_wconf 85' lang='lat' dir='ltr'><strong>suf-</strong></span> 
     </span>
     <span class='ocr_line' id='line_1_10' title="bbox 562 1462 2608 1564; baseline -0.002 -23"><span class='ocrx_word' id='word_1_70' title='bbox 562 1464 797 1541; x_wconf 88' lang='lat' dir='ltr'><strong>ficere</strong></span> <span class='ocrx_word' id='word_1_71' title='bbox 862 1462 958 1538; x_wconf 92' lang='lat' dir='ltr'><strong>ad</strong></span> <span class='ocrx_word' id='word_1_72' title='bbox 1036 1464 1647 1564; x_wconf 88' lang='lat' dir='ltr'><strong>producendam</strong></span> <span class='ocrx_word' id='word_1_73' title='bbox 1708 1464 2001 1541; x_wconf 86' lang='lat' dir='ltr'><strong>hancce</strong></span> <span class='ocrx_word' id='word_1_74' title='bbox 2076 1464 2608 1540; x_wconf 88' lang='lat' dir='ltr'><strong>directionem·</strong></span> 
     </span>
     <span class='ocr_line' id='line_1_11' title="bbox 561 1577 2591 1679; baseline -0.001 -25"><span class='ocrx_word' id='word_1_75' title='bbox 561 1578 1034 1654; x_wconf 84' lang='lat' dir='ltr'><strong>immediate.</strong></span> <span class='ocrx_word' id='word_1_76' title='bbox 1163 1579 1518 1653; x_wconf 89' lang='lat' dir='ltr'><strong>Keithius</strong></span> <span class='ocrx_word' id='word_1_77' title='bbox 1613 1579 1875 1679; x_wconf 89' lang='lat' dir='ltr'><strong>itaque</strong></span> <span class='ocrx_word' id='word_1_78' title='bbox 1973 1577 2591 1675; x_wconf 83' lang='lat' dir='ltr'><strong>(Physiological</strong></span> 
     </span>
     <span class='ocr_line' id='line_1_12' title="bbox 561 1691 2612 1789; baseline -0.001 -20"><span class='ocrx_word' id='word_1_79' title='bbox 561 1697 834 1769; x_wconf 89' lang='lat' dir='ltr'><strong>Botan.</strong></span> <span class='ocrx_word' id='word_1_80' title='bbox 897 1694 964 1765; x_wconf 94' lang='grc'><strong>2.</strong></span> <span class='ocrx_word' id='word_1_81' title='bbox 1031 1717 1104 1789; x_wconf 94' lang='grc' dir='ltr'><strong>Ρ.</strong></span> <span class='ocrx_word' id='word_1_82' title='bbox 1151 1692 1315 1789; x_wconf 89' lang='grc'><strong>27.)</strong></span> <span class='ocrx_word' id='word_1_83' title='bbox 1367 1694 1631 1767; x_wconf 90' lang='lat' dir='ltr'><strong>nisum</strong></span> <span class='ocrx_word' id='word_1_84' title='bbox 1679 1693 1914 1767; x_wconf 92' lang='lat' dir='ltr'><strong>istum</strong></span> <span class='ocrx_word' id='word_1_85' title='bbox 1965 1694 2045 1766; x_wconf 91' lang='lat' dir='ltr'><strong>in</strong></span> <span class='ocrx_word' id='word_1_86' title='bbox 2100 1691 2343 1766; x_wconf 92' lang='lat' dir='ltr'><strong>altum</strong></span> <span class='ocrx_word' id='word_1_87' title='bbox 2393 1692 2612 1766; x_wconf 60' lang='lat' dir='ltr'><strong>cres-l</strong></span> 
     </span>
     <span class='ocr_line' id='line_1_13' title="bbox 567 1804 2595 1906; baseline -0.001 -26"><span class='ocrx_word' id='word_1_88' title='bbox 567 1804 813 1882; x_wconf 91' lang='lat' dir='ltr'><strong>cendi</strong></span> <span class='ocrx_word' id='word_1_89' title='bbox 858 1804 1197 1879; x_wconf 88' lang='lat' dir='ltr'><strong>similem</strong></span> <span class='ocrx_word' id='word_1_90' title='bbox 1264 1830 1429 1881; x_wconf 90' lang='lat' dir='ltr'><strong>esse</strong></span> <span class='ocrx_word' id='word_1_91' title='bbox 1478 1805 1626 1891; x_wconf 92' lang='lat' dir='ltr'><strong>illi,</strong></span> <span class='ocrx_word' id='word_1_92' title='bbox 1703 1827 1943 1906; x_wconf 89' lang='lat' dir='ltr'><strong>quem</strong></span> <span class='ocrx_word' id='word_1_93' title='bbox 2004 1805 2458 1880; x_wconf 89' lang='lat' dir='ltr'><strong>instinctum</strong></span> <span class='ocrx_word' id='word_1_94' title='bbox 2505 1805 2595 1879; x_wconf 89' lang='lat' dir='ltr'><strong>in</strong></span> 
     </span>
    </p>
   </div>
   <div class='ocr_carea' id='block_1_3' title="bbox 436 1901 2599 2019">
    <p class='ocr_par' dir='ltr' id='par_1_3' title="bbox 436 1901 2599 2019">
     <span class='ocr_line' id='line_1_14' title="bbox 436 1901 2599 2019; baseline 0 -26"><span class='ocrx_word' id='word_1_95' title='bbox 436 2012 443 2019; x_wconf 8' lang='lat' dir='ltr'><strong>p</strong></span> <span class='ocrx_word' id='word_1_96' title='bbox 566 1901 1032 1993; x_wconf 87' lang='lat' dir='ltr'><strong>animalibus</strong></span> <span class='ocrx_word' id='word_1_97' title='bbox 1095 1933 1406 2006; x_wconf 84' lang='lat' dir='ltr'><strong>vocant,</strong></span> <span class='ocrx_word' id='word_1_98' title='bbox 1494 1917 1881 2006; x_wconf 85' lang='lat' dir='ltr'><strong>adfirmat,</strong></span> <span class='ocrx_word' id='word_1_99' title='bbox 1954 1942 2099 1992; x_wconf 90' lang='lat' dir='ltr'><strong>nec</strong></span> <span class='ocrx_word' id='word_1_100' title='bbox 2160 1918 2381 1992; x_wconf 88' lang='lat' dir='ltr'><strong>male.</strong></span> <span class='ocrx_word' id='word_1_101' title='bbox 2492 1920 2599 1993; x_wconf 82' lang='lat' dir='ltr'><strong>At</strong></span> 
     </span>
    </p>
   </div>
   <div class='ocr_carea' id='block_1_4' title="bbox 550 2015 2606 3376">
    <p class='ocr_par' dir='ltr' id='par_1_4' title="bbox 567 2015 2600 2245">
     <span class='ocr_line' id='line_1_15' title="bbox 568 2015 2600 2133; baseline 0 -26"><span class='ocrx_word' id='word_1_102' title='bbox 568 2058 769 2133; x_wconf 92' lang='lat' dir='ltr'><strong>opus</strong></span> <span class='ocrx_word' id='word_1_103' title='bbox 833 2045 977 2118; x_wconf 90' lang='lat' dir='ltr'><strong>est,</strong></span> <span class='ocrx_word' id='word_1_104' title='bbox 1058 2015 1150 2106; x_wconf 89' lang='lat' dir='ltr'><strong>ut</strong></span> <span class='ocrx_word' id='word_1_105' title='bbox 1212 2031 1353 2106; x_wconf 91' lang='lat' dir='ltr'><strong>iste</strong></span> <span class='ocrx_word' id='word_1_106' title='bbox 1412 2032 1822 2106; x_wconf 87' lang='lat' dir='ltr'><strong>instinctus</strong></span> <span class='ocrx_word' id='word_1_107' title='bbox 1883 2030 2444 2106; x_wconf 84' lang='lat' dir='ltr'><strong>determinetur</strong></span> <span class='ocrx_word' id='word_1_108' title='bbox 2515 2045 2600 2107; x_wconf 83' lang='lat' dir='ltr'><strong>et</strong></span> 
     </span>
     <span class='ocr_line' id='line_1_16' title="bbox 567 2141 2161 2245; baseline 0.001 -26"><span class='ocrx_word' id='word_1_109' title='bbox 567 2141 896 2245; x_wconf 80' lang='lat' dir='ltr'><strong>quidem</strong></span> <span class='ocrx_word' id='word_1_110' title='bbox 942 2158 1104 2219; x_wconf 88' lang='lat' dir='ltr'><strong>tam</strong></span> <span class='ocrx_word' id='word_1_111' title='bbox 1155 2158 1496 2233; x_wconf 82' lang='lat' dir='ltr'><strong>externe,</strong></span> <span class='ocrx_word' id='word_1_112' title='bbox 1550 2170 1791 2245; x_wconf 87' lang='lat' dir='ltr'><strong>quam</strong></span> <span class='ocrx_word' id='word_1_113' title='bbox 1837 2144 2161 2220; x_wconf 88' lang='lat' dir='ltr'><strong>interne.</strong></span> 
     </span>
    </p>

    <p class='ocr_par' dir='ltr' id='par_1_5' title="bbox 550 2257 2606 3376">
     <span class='ocr_line' id='line_1_17' title="bbox 755 2257 2598 2355; baseline -0.001 -23"><span class='ocrx_word' id='word_1_114' title='bbox 755 2262 946 2333; x_wconf 85' lang='lat' dir='ltr'><strong>Post</strong></span> <span class='ocrx_word' id='word_1_115' title='bbox 1006 2262 1460 2333; x_wconf 89' lang='lat' dir='ltr'><strong>Hunterum</strong></span> <span class='ocrx_word' id='word_1_116' title='bbox 1531 2258 1945 2355; x_wconf 85' lang='lat' dir='ltr'><strong>Knightius</strong></span> <span class='ocrx_word' id='word_1_117' title='bbox 2018 2258 2403 2355; x_wconf 84' lang='lat' dir='ltr'><strong>singulare</strong></span> <span class='ocrx_word' id='word_1_118' title='bbox 2470 2257 2598 2331; x_wconf 85' lang='lat' dir='ltr'><strong>in-</strong></span> 
     </span>
     <span class='ocr_line' id='line_1_18' title="bbox 567 2369 2597 2502; baseline 0.001 -57"><span class='ocrx_word' id='word_1_119' title='bbox 567 2369 812 2445; x_wconf 87' lang='lat' dir='ltr'><strong>stituit</strong></span> <span class='ocrx_word' id='word_1_120' title='bbox 877 2371 1494 2471; x_wconf 83' lang='lat' dir='ltr'><strong>experimentum</strong></span> <span class='ocrx_word' id='word_1_121' title='bbox 1561 2370 2129 2502; x_wconf 87' lang='lat' dir='ltr'><strong>(Philosophic.</strong></span> <span class='ocrx_word' id='word_1_122' title='bbox 2204 2378 2597 2449; x_wconf 88' lang='lat' dir='ltr'><strong>Transact.</strong></span> 
     </span>
     <span class='ocr_line' id='line_1_19' title="bbox 562 2483 2601 2584; baseline 0.002 -26"><span class='ocrx_word' id='word_1_123' title='bbox 562 2483 613 2558; x_wconf 88' lang='lat' dir='ltr'><strong>f.</strong></span> <span class='ocrx_word' id='word_1_124' title='bbox 668 2487 874 2558; x_wconf 84' lang='lat'><strong>1816.</strong></span> <span class='ocrx_word' id='word_1_125' title='bbox 924 2512 997 2584; x_wconf 92' lang='lat' dir='ltr'><strong>p.</strong></span> <span class='ocrx_word' id='word_1_126' title='bbox 1047 2484 1167 2581; x_wconf 82' lang='grc'><strong>5.).</strong></span> <span class='ocrx_word' id='word_1_127' title='bbox 1270 2484 1585 2560; x_wconf 90' lang='lat' dir='ltr'><strong>Semina</strong></span> <span class='ocrx_word' id='word_1_128' title='bbox 1634 2500 1851 2562; x_wconf 89' lang='lat' dir='ltr'><strong>rotae</strong></span> <span class='ocrx_word' id='word_1_129' title='bbox 1882 2487 1967 2559; x_wconf 90' lang='lat' dir='ltr'><strong>in</strong></span> <span class='ocrx_word' id='word_1_130' title='bbox 2003 2487 2380 2562; x_wconf 84' lang='lat' dir='ltr'><strong>circulum</strong></span> <span class='ocrx_word' id='word_1_131' title='bbox 2415 2512 2601 2562; x_wconf 91' lang='lat' dir='ltr'><strong>mo-</strong></span> 
     </span>
     <span class='ocr_line' id='line_1_20' title="bbox 561 2595 2602 2701; baseline 0.002 -30"><span class='ocrx_word' id='word_1_132' title='bbox 561 2596 691 2671; x_wconf 87' lang='lat' dir='ltr'><strong>tae</strong></span> <span class='ocrx_word' id='word_1_133' title='bbox 745 2595 1171 2697; x_wconf 63' lang='lat' dir='ltr'><strong>imposuit.</strong></span> <span class='ocrx_word' id='word_1_134' title='bbox 1226 2612 1302 2672; x_wconf 89' lang='lat' dir='ltr'><strong>et</strong></span> <span class='ocrx_word' id='word_1_135' title='bbox 1357 2598 1592 2686; x_wconf 85' lang='lat' dir='ltr'><strong>vidit,</strong></span> <span class='ocrx_word' id='word_1_136' title='bbox 1657 2599 2088 2674; x_wconf 84' lang='lat' dir='ltr'><strong>radiculam</strong></span> <span class='ocrx_word' id='word_1_137' title='bbox 2134 2625 2400 2675; x_wconf 87' lang='lat' dir='ltr'><strong>versus</strong></span> <span class='ocrx_word' id='word_1_138' title='bbox 2455 2625 2602 2701; x_wconf 91' lang='lat' dir='ltr'><strong>pe-</strong></span> 
     </span>
     <span class='ocr_line' id='line_1_21' title="bbox 561 2710 2601 2811; baseline 0.002 -27"><span class='ocrx_word' id='word_1_139' title='bbox 561 2710 1006 2811; x_wconf 84' lang='lat' dir='ltr'><strong>ripheriam,</strong></span> <span class='ocrx_word' id='word_1_140' title='bbox 1052 2710 1496 2810; x_wconf 90' lang='lat' dir='ltr'><strong>plumulam</strong></span> <span class='ocrx_word' id='word_1_141' title='bbox 1529 2738 1793 2788; x_wconf 91' lang='lat' dir='ltr'><strong>versus</strong></span> <span class='ocrx_word' id='word_1_142' title='bbox 1828 2728 2186 2797; x_wconf 87' lang='lat' dir='ltr'><strong>centrum</strong></span> <span class='ocrx_word' id='word_1_143' title='bbox 2234 2733 2601 2789; x_wconf 83' lang='lat' dir='ltr'><strong>erescere.</strong></span> 
     </span>
     <span class='ocr_line' id='line_1_22' title="bbox 565 2824 2601 2924; baseline 0.002 -26"><span class='ocrx_word' id='word_1_144' title='bbox 565 2829 748 2917; x_wconf 83' lang='lat' dir='ltr'><strong>Quo</strong></span> <span class='ocrx_word' id='word_1_145' title='bbox 803 2824 1128 2899; x_wconf 89' lang='lat' dir='ltr'><strong>celerior</strong></span> <span class='ocrx_word' id='word_1_146' title='bbox 1177 2839 1336 2900; x_wconf 90' lang='lat' dir='ltr'><strong>erat</strong></span> <span class='ocrx_word' id='word_1_147' title='bbox 1383 2841 1669 2914; x_wconf 85' lang='lat' dir='ltr'><strong>motuS,</strong></span> <span class='ocrx_word' id='word_1_148' title='bbox 1722 2851 1815 2902; x_wconf 92' lang='lat' dir='ltr'><strong>eo</strong></span> <span class='ocrx_word' id='word_1_149' title='bbox 1867 2829 2124 2924; x_wconf 30' lang='lat' dir='ltr'><strong>magis*</strong></span> <span class='ocrx_word' id='word_1_150' title='bbox 2164 2827 2601 2902; x_wconf 80' lang='lat' dir='ltr'><strong>a&#39;naturali</strong></span> 
     </span>
     <span class='ocr_line' id='line_1_23' title="bbox 550 2937 2604 3016; baseline 0.002 -6"><span class='ocrx_word' id='word_1_151' title='bbox 550 2938 1021 3012; x_wconf 47' lang='lat' dir='ltr'><strong>‘aberrabant</strong></span> <span class='ocrx_word' id='word_1_152' title='bbox 1087 2937 1535 3016; x_wconf 90' lang='lat' dir='ltr'><strong>directione.</strong></span> <span class='ocrx_word' id='word_1_153' title='bbox 1648 2946 1860 3016; x_wconf 90' lang='lat' dir='ltr'><strong>Tum</strong></span> <span class='ocrx_word' id='word_1_154' title='bbox 1922 2938 2358 3014; x_wconf 91' lang='lat' dir='ltr'><strong>Dutrochet</strong></span> <span class='ocrx_word' id='word_1_155' title='bbox 2419 2965 2604 3014; x_wconf 89' lang='lat' dir='ltr'><strong>rem</strong></span> 
     </span>
     <span class='ocr_line' id='line_1_24' title="bbox 563 3052 2606 3153; baseline 0.002 -28"><span class='ocrx_word' id='word_1_156' title='bbox 563 3052 933 3126; x_wconf 86' lang='lat' dir='ltr'><strong>accuratis</strong></span> <span class='ocrx_word' id='word_1_157' title='bbox 999 3053 1540 3152; x_wconf 86' lang='lat' dir='ltr'><strong>experimentis</strong></span> <span class='ocrx_word' id='word_1_158' title='bbox 1598 3054 1800 3127; x_wconf 90' lang='lat' dir='ltr'><strong>bene</strong></span> <span class='ocrx_word' id='word_1_159' title='bbox 1865 3052 2278 3153; x_wconf 85' lang='lat' dir='ltr'><strong>explicavit.</strong></span> <span class='ocrx_word' id='word_1_160' title='bbox 2376 3052 2606 3130; x_wconf 84' lang='lat' dir='ltr'><strong>Vidit</strong></span> 
     </span>
     <span class='ocr_line' id='line_1_25' title="bbox 560 3164 2601 3266; baseline 0 -27"><span class='ocrx_word' id='word_1_161' title='bbox 560 3165 678 3239; x_wconf 88' lang='lat' dir='ltr'><strong>uti</strong></span> <span class='ocrx_word' id='word_1_162' title='bbox 739 3164 1155 3261; x_wconf 83' lang='lat' dir='ltr'><strong>Knightius</strong></span> <span class='ocrx_word' id='word_1_163' title='bbox 1203 3165 1646 3266; x_wconf 85' lang='lat' dir='ltr'><strong>plumulam</strong></span> <span class='ocrx_word' id='word_1_164' title='bbox 1692 3189 1957 3239; x_wconf 85' lang='lat' dir='ltr'><strong>versus</strong></span> <span class='ocrx_word' id='word_1_165' title='bbox 2009 3178 2367 3240; x_wconf 90' lang='lat' dir='ltr'><strong>centrum</strong></span> <span class='ocrx_word' id='word_1_166' title='bbox 2414 3191 2601 3240; x_wconf 90' lang='lat' dir='ltr'><strong>mo-</strong></span> 
     </span>
     <span class='ocr_line' id='line_1_26' title="bbox 559 3276 2601 3376; baseline 0.001 -26"><span class='ocrx_word' id='word_1_167' title='bbox 559 3291 722 3363; x_wconf 80' lang='lat' dir='ltr'><strong>tuS‚</strong></span> <span class='ocrx_word' id='word_1_168' title='bbox 787 3277 1218 3352; x_wconf 89' lang='lat' dir='ltr'><strong>radiculam</strong></span> <span class='ocrx_word' id='word_1_169' title='bbox 1295 3301 1562 3352; x_wconf 86' lang='lat' dir='ltr'><strong>versus</strong></span> <span class='ocrx_word' id='word_1_170' title='bbox 1636 3276 2155 3376; x_wconf 89' lang='lat' dir='ltr'><strong>peripheriam</strong></span> <span class='ocrx_word' id='word_1_171' title='bbox 2246 3304 2601 3354; x_wconf 81' lang='lat' dir='ltr'><strong>crescen-</strong></span> 
     </span>
    </p>
   </div>
   <div class='ocr_carea' id='block_1_5' title="bbox 432 3382 2599 3489">
    <p class='ocr_par' dir='ltr' id='par_1_6' title="bbox 432 3382 2599 3489">
     <span class='ocr_line' id='line_1_27' title="bbox 432 3382 2599 3489; baseline 0.002 -24"><span class='ocrx_word' id='word_1_172' title='bbox 432 3382 435 3383; x_wconf 4' lang='grc' dir='ltr'><em>ᾗ</em></span> <span class='ocrx_word' id='word_1_173' title='bbox 559 3405 741 3465; x_wconf 87' lang='lat' dir='ltr'><strong>tem.</strong></span> <span class='ocrx_word' id='word_1_174' title='bbox 845 3390 970 3464; x_wconf 89' lang='lat' dir='ltr'><strong>Sic</strong></span> <span class='ocrx_word' id='word_1_175' title='bbox 1021 3413 1344 3489; x_wconf 90' lang='lat' dir='ltr'><strong>quoque</strong></span> <span class='ocrx_word' id='word_1_176' title='bbox 1392 3389 1587 3464; x_wconf 86' lang='lat' dir='ltr'><strong>vidit</strong></span> <span class='ocrx_word' id='word_1_177' title='bbox 1634 3415 1900 3467; x_wconf 90' lang='lat' dir='ltr'><strong>semen</strong></span> <span class='ocrx_word' id='word_1_178' title='bbox 1956 3393 2038 3465; x_wconf 89' lang='lat' dir='ltr'><strong>in</strong></span> <span class='ocrx_word' id='word_1_179' title='bbox 2071 3407 2199 3467; x_wconf 91' lang='lat' dir='ltr'><strong>rot</strong></span> <span class='ocrx_word' id='word_1_180' title='bbox 2363 3386 2599 3470; x_wconf 84' lang='lat' dir='ltr'><strong>otum</strong></span> 
     </span>
    </p>
   </div>
   <div class='ocr_carea' id='block_1_6' title="bbox 556 3501 2598 3920">
    <p class='ocr_par' dir='ltr' id='par_1_7' title="bbox 556 3501 2598 3920">
     <span class='ocr_line' id='line_1_28' title="bbox 563 3501 2598 3601; baseline 0.002 -25"><span class='ocrx_word' id='word_1_181' title='bbox 563 3515 639 3576; x_wconf 88' lang='lat' dir='ltr'><strong>et</strong></span> <span class='ocrx_word' id='word_1_182' title='bbox 720 3501 1006 3574; x_wconf 84' lang='lat' dir='ltr'><strong>crebris</strong></span> <span class='ocrx_word' id='word_1_183' title='bbox 1077 3501 1715 3601; x_wconf 88' lang='lat' dir='ltr'><strong>percussionibus</strong></span> <span class='ocrx_word' id='word_1_184' title='bbox 1787 3502 2053 3580; x_wconf 84' lang='lat' dir='ltr'><strong>versus</strong></span> <span class='ocrx_word' id='word_1_185' title='bbox 2131 3505 2198 3580; x_wconf 88' lang='lat' dir='ltr'><strong>al</strong></span> <span class='ocrx_word' id='word_1_186' title='bbox 2375 3519 2598 3583; x_wconf 89' lang='lat' dir='ltr'><strong>trum</strong></span> 
     </span>
     <span class='ocr_line' id='line_1_29' title="bbox 558 3603 2598 3719; baseline 0.002 -31"><span class='ocrx_word' id='word_1_187' title='bbox 558 3614 759 3688; x_wconf 89' lang='lat' dir='ltr'><strong>latus</strong></span> <span class='ocrx_word' id='word_1_188' title='bbox 812 3614 1181 3710; x_wconf 84' lang='lat' dir='ltr'><strong>agitatum</strong></span> <span class='ocrx_word' id='word_1_189' title='bbox 1228 3614 1331 3688; x_wconf 90' lang='lat' dir='ltr'><strong>ita</strong></span> <span class='ocrx_word' id='word_1_190' title='bbox 1382 3617 1850 3711; x_wconf 85' lang='lat' dir='ltr'><strong>germinare,</strong></span> <span class='ocrx_word' id='word_1_191' title='bbox 1900 3634 1990 3694; x_wconf 86' lang='lat' dir='ltr'><strong>ut</strong></span> <span class='ocrx_word' id='word_1_192' title='bbox 2019 3603 2375 3719; x_wconf 88' lang='lat' dir='ltr'><strong>plumula</strong></span> <span class='ocrx_word' id='word_1_193' title='bbox 2404 3644 2598 3695; x_wconf 87' lang='lat' dir='ltr'><strong>con-</strong></span> 
     </span>
     <span class='ocr_line' id='line_1_30' title="bbox 559 3725 2597 3818; baseline 0.002 -15"><span class='ocrx_word' id='word_1_194' title='bbox 559 3743 674 3804; x_wconf 88' lang='lat' dir='ltr'><strong>tra</strong></span> <span class='ocrx_word' id='word_1_195' title='bbox 741 3725 1253 3801; x_wconf 86' lang='lat' dir='ltr'><strong>directionem</strong></span> <span class='ocrx_word' id='word_1_196' title='bbox 1316 3743 1614 3818; x_wconf 80' lang='lat' dir='ltr'><strong>motuS,</strong></span> <span class='ocrx_word' id='word_1_197' title='bbox 1696 3731 2039 3808; x_wconf 91' lang='lat' dir='ltr'><strong>radicula</strong></span> <span class='ocrx_word' id='word_1_198' title='bbox 2104 3758 2289 3807; x_wconf 83' lang='lat' dir='ltr'><strong>vero</strong></span> <span class='ocrx_word' id='word_1_199' title='bbox 2338 3732 2421 3807; x_wconf 89' lang='lat' dir='ltr'><strong>in</strong></span> <span class='ocrx_word' id='word_1_200' title='bbox 2474 3731 2597 3807; x_wconf 90' lang='lat' dir='ltr'><strong>di·-</strong></span> 
     </span>
     <span class='ocr_line' id='line_1_31' title="bbox 556 3840 2595 3920; baseline 0.002 -5"><span class='ocrx_word' id='word_1_201' title='bbox 556 3840 907 3915; x_wconf 86' lang='lat' dir='ltr'><strong>rectione</strong></span> <span class='ocrx_word' id='word_1_202' title='bbox 968 3855 1235 3915; x_wconf 85' lang='lat' dir='ltr'><strong>motus</strong></span> <span class='ocrx_word' id='word_1_203' title='bbox 1299 3859 1599 3918; x_wconf 89' lang='lat' dir='ltr'><strong>crescat.</strong></span> <span class='ocrx_word' id='word_1_204' title='bbox 1716 3844 1967 3920; x_wconf 89' lang='lat' dir='ltr'><strong>Simili</strong></span> <span class='ocrx_word' id='word_1_205' title='bbox 2015 3844 2267 3920; x_wconf 88' lang='lat' dir='ltr'><strong>modo</strong></span> <span class='ocrx_word' id='word_1_206' title='bbox 2317 3847 2401 3920; x_wconf 91' lang='lat' dir='ltr'><strong>in</strong></span> <span class='ocrx_word' id='word_1_207' title='bbox 2450 3846 2595 3920; x_wconf 89' lang='lat' dir='ltr'><strong>tel-</strong></span> 
     </span>
    </p>
   </div>
   <div class='ocr_carea' id='block_1_7' title="bbox 558 3952 2613 4146">
    <p class='ocr_par' dir='ltr' id='par_1_8' title="bbox 558 3952 2594 4146">
     <span class='ocr_line' id='line_1_32' title="bbox 558 3952 2594 4056; baseline 0.004 -31"><span class='ocrx_word' id='word_1_208' title='bbox 558 3952 753 4029; x_wconf 92' lang='lat' dir='ltr'><strong>luris</strong></span> <span class='ocrx_word' id='word_1_209' title='bbox 818 3952 1230 4055; x_wconf 90' lang='lat' dir='ltr'><strong>superficie</strong></span> <span class='ocrx_word' id='word_1_210' title='bbox 1293 3955 1730 4033; x_wconf 88' lang='lat' dir='ltr'><strong>radiculam</strong></span> <span class='ocrx_word' id='word_1_211' title='bbox 1790 3958 1874 4032; x_wconf 90' lang='lat' dir='ltr'><strong>in</strong></span> <span class='ocrx_word' id='word_1_212' title='bbox 1945 3956 2374 4035; x_wconf 88' lang='lat' dir='ltr'><strong>directione</strong></span> <span class='ocrx_word' id='word_1_213' title='bbox 2422 3984 2594 4056; x_wconf 82' lang='lat' dir='ltr'><strong>gra-</strong></span> 
     </span>
     <span class='ocr_line' id='line_1_33' title="bbox 2403 4072 2613 4146; baseline 0.005 -1"><span class='ocrx_word' id='word_1_214' title='bbox 2403 4072 2613 4146; x_wconf 85' lang='lat' dir='ltr'><strong>vita-</strong></span> 
     </span>
    </p>
   </div>
  </div>
 </body>
</html>
