2843 4800
574 324 675 401 80
1221 320 1980 447 STRUCTURA.

628 558 663 593 ,-
768 517 1319 620 Amplissimae
1364 532 1553 594 sunt
1598 519 2088 619 prismaticae
2150 520 2631 619 hexagona&

577 634 954 769 globosae
999 634 1385 721 minores),
1429 632 1897 731 cylindricae
1939 635 2562 737 angustissimae.
2619 680 2626 685 -

592 828 597 831 ,
730 754 954 825 Non
1006 773 1211 824 raro
1234 746 1532 824 eodem
1581 747 1763 824 loco
1816 749 2168 825 minores
2216 750 2423 825 inter
2447 776 2629 828 ma·-

575 864 785 964 jores
869 860 1541 963 conspiciuntur,
1587 860 1718 935 cfr.
1788 867 1900 995 T.
1922 868 2007 938 1..
2067 860 2118 937 f.
2173 866 2245 1001 6.
2299 888 2353 941 e
2405 866 2629 945 caule

581 974 954 1064 Orchidis
1003 973 1394 1050 latifoliae.
2625 1044 2630 1049 ,

768 1093 863 1167 In
934 1086 1397 1187 junioribus
1455 1085 1740 1189 plamis
1812 1087 2258 1169 secundum
2345 1116 2631 1169 omnes

580 1204 1053 1282 directiones
1100 1202 1456 1279 minores
1506 1215 1709 1289 sunt,
1761 1227 1847 1277 ac
1897 1203 1981 1277 in
2018 1202 2322 1278 adultis.
2373 1208 2635 1286 Cres-

582 1333 774 1407 cunt
831 1320 1099 1419 itaque
1167 1316 1623 1393 extensione
1673 1316 2129 1395 secundum
2181 1332 2461 1453 omnes
2513 1319 2636 1397 di·-

344 1454 385 1472 '“
410 1460 496 1494 *Ψ
579 1433 987 1513 rectiones·

630 1588 668 1597 ««
762 1550 1042 1623 Novae
1114 1544 1323 1621 inter
1393 1544 1697 1621 adultas
1769 1568 1939 1622 non
1991 1498 2426 1634 oriuntur,
2487 1548 2636 1628 sed

577 1660 846 1762 plures
906 1658 1158 1740 simul
1214 1659 1309 1737 in
1376 1658 1668 1735 eodem
1721 1656 1948 1747 loco,
2032 1674 2167 1735 aut
2212 1661 2297 1735 in
2339 1658 2639 1741 eadem

576 1787 797 1873 parte
846 1786 1311 1860 nascuntur,
1380 1787 1459 1847 et
1519 1772 1847 1873 quidem
1900 1797 1972 1851 e
1991 1772 2252 1850 fluido
2303 1787 2506 1852 statu
2540 1790 2642 1863 ει,

581 1912 820 1965 succo
869 1886 1221 1965 nutritio.
1300 1948 1307 1959 .
2421 1920 2426 1925 ·
2655 1906 2666 1925 ‘

579 2087 723 2187 50
847 2062 1706 2203 Parenchymatis
1746 2088 2159 2179 cellulae
2221 2101 2397 2179 aut
2437 2093 2640 2180 abs

626 2224 874 2346 ᾳ-.ἰιε
969 2229 1276 2315 ordine
1356 2241 1882 2346 ‘congestae
1928 2241 2190 2330 sunta
2284 2242 2452 2318 aut
2520 2229 2644 2320 in

672 2372 977 2456 ser‘zes
1074 2358 1611 2486 dispositae
1708 2379 1842 2459 et
1926 2363 2398 2530 quidem:
2434 2374 2642 2460 sirn-

587 2512 993 2630 plz'ces,
1062 2519 1259 2622 aut
1293 2513 1853 2644 alternantes,
1979 2513 1984 2528 '

769 2675 1094 2778 Absque
1164 2677 1449 2756 ordine
1514 2692 1928 2777 congestae
1986 2677 2492 2780 reperiuntur
2545 2677 2645 2776 in

575 2788 821 2878 foliis,
884 2794 1428 2893 receptaculiS,
1493 2792 1902 2870 fructibus.
2004 2797 2253 2893 Saepe
2304 2815 2644 2892 quoque

575 2905 782 2981 inter
830 2902 1014 2980 alias
1064 2923 1319 3009 partes
1370 2934 1680 3011 sparsae
1732 2919 2176 2983 occurrunt.

774 3020 1029 3098 Series
1078 3022 1489 3126 simplices
1556 3048 1599 3098 e
1664 3013 1958 3096 cellulis
2024 3013 2374 3113 globosis
2442 3039 2642 3096 con-

438 3187 451 3195 ι
575 3146 783 3214 stant
824 3147 925 3209 <et
984 3134 1070 3208 in
1134 3162 1419 3234 genere
1482 3136 1732 3210 rarius
1786 3144 2232 3207 occurrunt.
2331 3133 2425 3206 In
2479 3132 2643 3205 Co-

573 3244 845 3320 niseris
922 3261 1201 3325 tamen
1286 3263 1403 3325 sat
1485 3246 1956 3348 frequentes
1983 3243 2638 3345 conspiciuntur,

571 3359 772 3433 vasis
863 3356 1179 3437 fibrosis
1276 3385 1507 3462 saepe
1587 3359 2069 3434 incumbunt
2151 3373 2227 3434 et
2305 3357 2641 3454 materia

573 3495 951 3569 grumosa
1025 3476 1366 3577 repletae
1440 3487 1656 3560 sunt,
1733 3470 2013 3574 quales
2080 3475 2170 3548 Τ.
2240 3475 2303 3545 l.
2369 3467 2418 3544 f.
2469 3449 2534 3544 5.
2587 3494 2644 3544 e

570 3591 790 3688 ligno
874 3589 1050 3665 Pini
1133 3589 1381 3668 strobi
1459 3586 1844 3670 annotino·
1929 3585 2256 3670 exhibet.
2363 3583 2642 3672 Kieser

574 3704 1073 3803 (Phytotom.
1121 3731 1195 3805 p.
1259 3701 1471 3797 142)
1536 3701 1637 3775 ad
1685 3725 1863 3784 vasa
1911 3697 2175 3785 refert,
2230 3721 2432 3799 quae
2465 3695 2640 3786 Acel-

569 3819 756 3896 lulis
808 3818 1147 3920 ,porosis
1190 3817 1585 3900 instructa
1664 3840 1830 3890 esse
1899 3813 2018 3887 ait.
2087 3807 2462 3911 Sprengel
2527 3807 2635 3884 de

570 3932 696 4014 bis
760 3931 1068 4032 (Anleit.
1121 3956 1181 4016 z.
1214 3936 1569 4016 ‚Kenntn
1617 3928 1762 4004 Ed.
1812 3931 1879 4002 2.
1929 3953 2003 4026 p.
2050 3924 2203 4021 20.)
2255 3921 2637 4025 loquitur,

572 4046 714 4123 sed
788 4046 890 4124 ad
965 4044 1313 4133 cellulaS,
1390 4068 1560 4119 non
1612 4041 1713 4118 ad
1763 4065 1939 4117 vasa
2004 4035 2258 4114 refert.
2372 4040 2634 4129 Poros

2373 4173 2636 4224 mem-
