2843 4800
568 299 747 381 444*
1168 279 1179 289 ’
1306 304 1876 386 sYsTEMA.

758 505 1011 581 Unica
1060 504 1161 581 sit
1205 530 1367 592 vox,
1427 529 1576 583 nec
1628 505 1844 585 duae*
1882 505 2416 611 apponantur.⁴
2496 512 2644 589 Sic

562 621 791 700 Inula
893 619 1231 708 Oculus,
1324 622 1477 695 nec
1523 620 1530 627 ’
1571 618 1799 699 Inula
1897 623 2202 701 Oculus
2293 625 2639 702 Christi.

565 735 890 837 Thlaspi
952 738 1200 811 Bursa
1267 732 1598 836 quoque
1639 736 1919 813 =dicere
1978 737 2157 814 licet
2202 738 2390 815 loco
2441 741 2641 817 Thl.

559 855 853 929 Bursae
933 848 1288 952 pastoris·
1421 854 1627 927 Sunt
1702 866 2014 935 tamen
2051 868 2358 954 recepta
2444 878 2630 930 non
2667 937 2684 950 ,

557 964 980 1054 mutanda,
1064 988 1141 1041 e.·
1209 987 1280 1061 g.
1304 958 1861 1064 Hedysarum
1944 967 2196 1047 Crista
2274 967 2457 1064 galli
2539 982 2629 1043 et

555 1083 650 1158 H.
706 1081 966 1182 Caput
1013 1079 1215 1177 galli.

664 1244 669 1251 -
751 1196 927 1271 Vox
995 1218 1038 1271 e
1099 1216 1379 1292 graeco
1444 1192 1781 1270 formata
1830 1218 2203 1270 sermone
2251 1208 2463 1270 recte
2516 1194 2620 1271 ad

552 1307 1121 1406 etymologiam
1170 1307 1452 1409 scripta
1506 1309 1605 1384 sit
1651 1332 1796 1384 nec
1845 1308 2085 1383 nimis
2151 1309 2619 1410 composita,

555 1422 1008 1524 cujusmodi
1060 1422 1653 1524 Heliotropium
1683 1424 2341 1521 zsynzystachyon.

744 1538 1095 1616 Nomina
1157 1536 1493 1635 hybrida
1555 1536 1899 1612 vitentur
1959 1561 2002 1612 e
2077 1536 2392 1613 duabus
2460 1536 2612 1611 lin-

550 1654 730 1751 guis
813 1653 1291 1754 composita,
1374 1676 1439 1727 e.
1512 1675 1580 1749 3.
1653 1655 2034 1752 Hypnum
2115 1652 2608 1825 riparioides,

547 1768 751 1845 Aloe
796 1766 1166 1844 Pseudo·
1178 1766 1452 1865 rigida.
1565 1796 1568 1801 ·

742 1888 1064 1959 Nomen
1114 1881 1352 1983 primi
1402 1878 1835 1956 inventoris
1885 1882 2170 1982 speciei
2214 1895 2410 1958 tunc
2443 1906 2606 1958 sae·

545 1997 871 2103 pissime
906 1996 1412 2096 imponitur,
1497 2018 1684 2069 cum
1757 1996 2101 2095 speciem
2180 2020 2370 2073 cum
2460 1996 2606 2074 alia

546 2112 1085 2198 commutavit,
1132 2134 1321 2184 nam
1371 2107 1558 2182 alias
1603 2108 1776 2210 ipse
1823 2134 2123 2187 nomen
2172 2111 2603 2212 imposuis-

542 2239 680 2304 set.
740 2225 984 2301 ·Hinc
1029 2224 1302 2300 minus
1349 2223 1585 2298 bona.

734 2344 1056 2416 Nomen
1128 2335 1463 2427 triviale,
1517 2335 1767 2440 *quod
1839 2338 2149 2442 primus
2230 2340 2600 2417 inventor

540 2469 680 2533 aut
712 2453 1151 2555 descriptor
1181 2453 1587 2554 imposuit,
1630 2454 1778 2530 nisi
1816 2457 2088 2532 omnia
2129 2469 2592 2559 repugnent,

536 2572 986 2656 retineatur,
1019 2568 1201 2644 licet
1230 2568 1504 2644 minus
1538 2583 1812 2669 aptum
1846 2568 2586 2673 fuerit(Sprengel).

424 2741 425 2744 =
538 2688 625 2764 Si
656 2710 845 2762 vero
879 2683 1149 2785 plures
1183 2684 1468 2783 speciei
1505 2683 1835 2759 nomina
1873 2682 2174 2761 diversa
2222 2686 2586 2772 tribuere,

534 2802 644 2878 ita
707 2813 800 2876 ut
834 2797 1060 2874 ‘alius
1128 2796 1442 2877 alterius
1503 2821 1810 2874 nomen
1874 2797 2355 2897 cognoscere
2415 2825 2590 2876 -non

533 2913 913 3017 potuerit,
990 2911 1389 3011 optimum
1441 2910 1922 3009 eligendum
1983 2926 2122 2989 est.
2245 2915 2334 2990 Si
2396 2940 2587 2991 vero

532 3050 1015 3128 cognoscere
1078 3027 1462 3127 potuerit,
1537 3026 1675 3127 qui
1749 3027 2000 3103 serius
2073 3023 2371 3104 indidit
2442 3055 2587 3105 no·

529 3169 752 3231 men,
814 3142 1123 3218 hocce
1145 3141 1428 3241 utique
1509 3139 2032 3237 rejiciendum
2116 3156 2248 3219 est.
2380 3144 2585 3220 Hinc

528 3257 863 3333 nomina
939 3254 1308 3332 Caricum
1384 3254 2130 3355 Goodenoughiana
2201 3257 2584 3361 pleraque

526 3369 972 3468 rejiciffenda
1128 3381 1132 3385 *

725 3483 806 3560 Si
871 3507 1175 3578 nomen
1239 3483 1696 3580 genericum
1776 3499 2162 3575 mutatur,
2243 3488 2583 3563 minime

525 3613 793 3676 tamen
843 3577 1303 3698 specisscum
1351 3613 1664 3675 mutare
1697 3599 1908 3689 ¹licet,
1960 3626 2116 3702 qua
2165 3599 2250 3676 in
2300 3627 2390 3678 re
2432 3626 2580 3677 nu-

524 3714 694 3817 peri
746 3737 976 3814 saepe
1023 3707 1467 3813 peccarunt.

586 3843 619 3870 ·’
717 3827 1066 3910 Nomina
1125 3827 1602 3915 Linnaeana,
1665 3825 1774 3902 ob
1840 3831 2396 3928 synonymiam
2458 3854 2578 3906 re-

516 3956 775 4072 cepta,
844 3944 952 4019 ob
1018 3942 1564 4019 auctoritatem
1615 3966 1800 4018 vero
1852 3942 2193 4020 herbarii
2244 3946 2574 4020 Linnae—

525 4055 654 4131 ani
712 4043 1024 4152 rejecta,
1088 4055 1682 4143 restituantur,
1707 4057 1856 4146 nisi
1910 4082 1965 4135 e
2037 4057 2362 4138 Linnaei
2439 4058 2571 4133 de-
2690 4133 2707 4154 „
