<?xml version="1.0" encoding="UTF-8"?>
<!DOCTYPE html PUBLIC "-//W3C//DTD XHTML 1.0 Transitional//EN"
    "http://www.w3.org/TR/xhtml1/DTD/xhtml1-transitional.dtd">
<html xmlns="http://www.w3.org/1999/xhtml" xml:lang="en" lang="en">
 <head>
  <title>
</title>
<meta http-equiv="Content-Type" content="text/html;charset=utf-8" />
  <meta name='ocr-system' content='tesseract 3.04.00' />
  <meta name='ocr-capabilities' content='ocr_page ocr_carea ocr_par ocr_line ocrx_word'/>
</head>
<body>
  <div class='ocr_page' id='page_1' title='image "./elementaphiloso01linkgoog_0269.png"; bbox 0 0 2843 4800; ppageno 0'>
   <div class='ocr_carea' id='block_1_1' title="bbox 1173 334 2351 437">
    <p class='ocr_par' dir='ltr' id='par_1_1' title="bbox 1173 334 2351 437">
     <span class='ocr_line' id='line_1_1' title="bbox 1173 334 2351 437; baseline 0.002 -23"><span class='ocrx_word' id='word_1_1' title='bbox 1173 334 1503 416; x_wconf 68' lang='lat' dir='ltr'><strong>uos.</strong></span> <span class='ocrx_word' id='word_1_2' title='bbox 2205 344 2351 437; x_wconf 32' lang='lat'><strong>261·</strong></span> 
     </span>
    </p>
   </div>
   <div class='ocr_carea' id='block_1_2' title="bbox 293 516 2342 638">
    <p class='ocr_par' dir='ltr' id='par_1_2' title="bbox 293 516 2342 638">
     <span class='ocr_line' id='line_1_2' title="bbox 293 516 2342 638; baseline 0.001 -24"><span class='ocrx_word' id='word_1_3' title='bbox 293 536 550 614; x_wconf 82' lang='lat' dir='ltr'><strong>cienti.</strong></span> <span class='ocrx_word' id='word_1_4' title='bbox 646 532 1154 638; x_wconf 82' lang='lat' dir='ltr'><strong>Respondeo,</strong></span> <span class='ocrx_word' id='word_1_5' title='bbox 1205 537 1390 637; x_wconf 88' lang='lat' dir='ltr'><strong>quia</strong></span> <span class='ocrx_word' id='word_1_6' title='bbox 1428 539 1707 614; x_wconf 85' lang='lat' dir='ltr'><strong>extima</strong></span> <span class='ocrx_word' id='word_1_7' title='bbox 1739 536 2013 635; x_wconf 84' lang='lat' dir='ltr'><strong>vagina</strong></span> <span class='ocrx_word' id='word_1_8' title='bbox 2046 516 2189 615; x_wconf 84' lang='lat' dir='ltr'><strong>seu</strong></span> <span class='ocrx_word' id='word_1_9' title='bbox 2221 563 2342 616; x_wconf 80' lang='lat' dir='ltr'><strong>ex·</strong></span> 
     </span>
    </p>
   </div>
   <div class='ocr_carea' id='block_1_3' title="bbox 166 650 2344 753">
    <p class='ocr_par' dir='ltr' id='par_1_3' title="bbox 166 650 2344 753">
     <span class='ocr_line' id='line_1_3' title="bbox 166 650 2344 753; baseline 0.001 -26"><span class='ocrx_word' id='word_1_10' title='bbox 166 692 183 710; x_wconf 90' lang='lat'><strong>·</strong></span> <span class='ocrx_word' id='word_1_11' title='bbox 287 653 584 727; x_wconf 89' lang='lat' dir='ltr'><strong>timum</strong></span> <span class='ocrx_word' id='word_1_12' title='bbox 663 662 1155 747; x_wconf 77' lang='lat' dir='ltr'><strong>tegmentum</strong></span> <span class='ocrx_word' id='word_1_13' title='bbox 1232 652 1485 752; x_wconf 85' lang='lat' dir='ltr'><strong>periit.</strong></span> <span class='ocrx_word' id='word_1_14' title='bbox 1620 650 1777 728; x_wconf 86' lang='lat' dir='ltr'><strong>Sed</strong></span> <span class='ocrx_word' id='word_1_15' title='bbox 1858 674 2027 727; x_wconf 89' lang='lat' dir='ltr'><strong>non</strong></span> <span class='ocrx_word' id='word_1_16' title='bbox 2107 651 2344 753; x_wconf 86' lang='lat' dir='ltr'><strong>plane</strong></span> 
     </span>
    </p>
   </div>
   <div class='ocr_carea' id='block_1_4' title="bbox 170 763 2402 4165">
    <p class='ocr_par' dir='ltr' id='par_1_4' title="bbox 286 763 2340 1185">
     <span class='ocr_line' id='line_1_4' title="bbox 287 763 2340 867; baseline 0 -26"><span class='ocrx_word' id='word_1_17' title='bbox 287 767 554 867; x_wconf 85' lang='lat' dir='ltr'><strong>periit,</strong></span> <span class='ocrx_word' id='word_1_18' title='bbox 605 763 995 839; x_wconf 89' lang='lat' dir='ltr'><strong>habemus</strong></span> <span class='ocrx_word' id='word_1_19' title='bbox 1047 763 1260 838; x_wconf 89' lang='lat' dir='ltr'><strong>enim</strong></span> <span class='ocrx_word' id='word_1_20' title='bbox 1308 764 1555 866; x_wconf 90' lang='lat' dir='ltr'><strong>ipsius</strong></span> <span class='ocrx_word' id='word_1_21' title='bbox 1604 765 2055 842; x_wconf 87' lang='lat' dir='ltr'><strong>rudimenta</strong></span> <span class='ocrx_word' id='word_1_22' title='bbox 2116 764 2340 841; x_wconf 89' lang='lat' dir='ltr'><strong>lucu-</strong></span> 
     </span>
     <span class='ocr_line' id='line_1_5' title="bbox 287 873 2338 973; baseline -0 -19"><span class='ocrx_word' id='word_1_23' title='bbox 287 880 499 955; x_wconf 84' lang='lat' dir='ltr'><strong>lenta</strong></span> <span class='ocrx_word' id='word_1_24' title='bbox 572 878 658 953; x_wconf 92' lang='lat' dir='ltr'><strong>in</strong></span> <span class='ocrx_word' id='word_1_25' title='bbox 723 875 1000 973; x_wconf 87' lang='lat' dir='ltr'><strong>ligula,</strong></span> <span class='ocrx_word' id='word_1_26' title='bbox 1067 873 1288 973; x_wconf 88' lang='lat' dir='ltr'><strong>cujus</strong></span> <span class='ocrx_word' id='word_1_27' title='bbox 1349 880 1811 955; x_wconf 90' lang='lat' dir='ltr'><strong>membrana</strong></span> <span class='ocrx_word' id='word_1_28' title='bbox 1874 878 2204 971; x_wconf 88' lang='lat' dir='ltr'><strong>interior</strong></span> <span class='ocrx_word' id='word_1_29' title='bbox 2249 880 2338 960; x_wconf 88' lang='lat' dir='ltr'><strong>in</strong></span> 
     </span>
     <span class='ocr_line' id='line_1_6' title="bbox 286 990 2334 1090; baseline -0 -21"><span class='ocrx_word' id='word_1_30' title='bbox 286 994 840 1069; x_wconf 80' lang='lat' dir='ltr'><strong>membranam</strong></span> <span class='ocrx_word' id='word_1_31' title='bbox 913 990 1375 1067; x_wconf 86' lang='lat' dir='ltr'><strong>interiorem</strong></span> <span class='ocrx_word' id='word_1_32' title='bbox 1448 993 1770 1090; x_wconf 84' lang='lat' dir='ltr'><strong>vaginae</strong></span> <span class='ocrx_word' id='word_1_33' title='bbox 1842 990 2016 1068; x_wconf 85' lang='lat' dir='ltr'><strong>folii</strong></span> <span class='ocrx_word' id='word_1_34' title='bbox 2083 993 2334 1068; x_wconf 88' lang='lat' dir='ltr'><strong>conti-</strong></span> 
     </span>
     <span class='ocr_line' id='line_1_7' title="bbox 288 1121 601 1185; baseline -0.006 -2"><span class='ocrx_word' id='word_1_35' title='bbox 288 1121 601 1185; x_wconf 87' lang='lat' dir='ltr'><strong>nuatur.</strong></span> 
     </span>
    </p>

    <p class='ocr_par' dir='ltr' id='par_1_5' title="bbox 284 1217 2402 1661">
     <span class='ocr_line' id='line_1_8' title="bbox 479 1217 2330 1323; baseline 0.001 -27"><span class='ocrx_word' id='word_1_36' title='bbox 479 1222 682 1297; x_wconf 89' lang='lat' dir='ltr'><strong>Hinc</strong></span> <span class='ocrx_word' id='word_1_37' title='bbox 739 1218 1044 1295; x_wconf 86' lang='lat' dir='ltr'><strong>valvula</strong></span> <span class='ocrx_word' id='word_1_38' title='bbox 1108 1217 1444 1296; x_wconf 89' lang='lat' dir='ltr'><strong>interior</strong></span> <span class='ocrx_word' id='word_1_39' title='bbox 1507 1235 1621 1298; x_wconf 88' lang='lat' dir='ltr'><strong>est</strong></span> <span class='ocrx_word' id='word_1_40' title='bbox 1681 1245 1861 1323; x_wconf 89' lang='lat' dir='ltr'><strong>pars</strong></span> <span class='ocrx_word' id='word_1_41' title='bbox 1923 1245 2109 1298; x_wconf 89' lang='lat' dir='ltr'><strong>cum</strong></span> <span class='ocrx_word' id='word_1_42' title='bbox 2158 1245 2330 1322; x_wconf 85' lang='lat' dir='ltr'><strong>spa-</strong></span> 
     </span>
     <span class='ocr_line' id='line_1_9' title="bbox 284 1331 2325 1434; baseline -0.002 -22"><span class='ocrx_word' id='word_1_43' title='bbox 284 1336 443 1412; x_wconf 90' lang='lat' dir='ltr'><strong>this</strong></span> <span class='ocrx_word' id='word_1_44' title='bbox 505 1334 959 1411; x_wconf 86' lang='lat' dir='ltr'><strong>Palmarum</strong></span> <span class='ocrx_word' id='word_1_45' title='bbox 1008 1331 1286 1434; x_wconf 87' lang='lat' dir='ltr'><strong>utique</strong></span> <span class='ocrx_word' id='word_1_46' title='bbox 1337 1332 1900 1434; x_wconf 83' lang='lat' dir='ltr'><strong>comparanda,</strong></span> <span class='ocrx_word' id='word_1_47' title='bbox 1966 1332 2106 1410; x_wconf 89' lang='lat' dir='ltr'><strong>sed</strong></span> <span class='ocrx_word' id='word_1_48' title='bbox 2144 1357 2325 1427; x_wconf 16' lang='lat' dir='ltr'><strong>*non</strong></span> 
     </span>
     <span class='ocr_line' id='line_1_10' title="bbox 290 1446 2402 1547; baseline -0.001 -23"><span class='ocrx_word' id='word_1_49' title='bbox 290 1463 406 1524; x_wconf 87' lang='lat' dir='ltr'><strong>est</strong></span> <span class='ocrx_word' id='word_1_50' title='bbox 466 1472 609 1523; x_wconf 92' lang='lat' dir='ltr'><strong>cur</strong></span> <span class='ocrx_word' id='word_1_51' title='bbox 664 1446 851 1523; x_wconf 84' lang='lat' dir='ltr'><strong>velis</strong></span> <span class='ocrx_word' id='word_1_52' title='bbox 914 1474 956 1522; x_wconf 91' lang='lat' dir='ltr'><strong>a</strong></span> <span class='ocrx_word' id='word_1_53' title='bbox 1020 1447 1351 1523; x_wconf 81' lang='lat' dir='ltr'><strong>bracteis</strong></span> <span class='ocrx_word' id='word_1_54' title='bbox 1415 1448 1895 1545; x_wconf 85' lang='lat' dir='ltr'><strong>distinguere</strong></span> <span class='ocrx_word' id='word_1_55' title='bbox 1940 1461 2104 1523; x_wconf 89' lang='lat' dir='ltr'><strong>tam</strong></span> <span class='ocrx_word' id='word_1_56' title='bbox 2154 1471 2325 1547; x_wconf 57' lang='lat' dir='ltr'><strong>spa-3</strong></span> <span class='ocrx_word' id='word_1_57' title='bbox 2391 1476 2402 1485; x_wconf 93' lang='lat'><strong>·</strong></span> 
     </span>
     <span class='ocr_line' id='line_1_11' title="bbox 284 1559 1804 1661; baseline -0.003 -24"><span class='ocrx_word' id='word_1_58' title='bbox 284 1560 506 1637; x_wconf 84' lang='lat' dir='ltr'><strong>tham</strong></span> <span class='ocrx_word' id='word_1_59' title='bbox 533 1619 549 1648; x_wconf 95' lang='lat'><em>‚</em></span> <span class='ocrx_word' id='word_1_60' title='bbox 602 1585 837 1661; x_wconf 88' lang='lat' dir='ltr'><strong>quam</strong></span> <span class='ocrx_word' id='word_1_61' title='bbox 886 1559 1273 1636; x_wconf 83' lang='lat' dir='ltr'><strong>valvulam</strong></span> <span class='ocrx_word' id='word_1_62' title='bbox 1324 1561 1804 1637; x_wconf 89' lang='lat' dir='ltr'><strong>interiorem.</strong></span> 
     </span>
    </p>

    <p class='ocr_par' dir='ltr' id='par_1_6' title="bbox 170 1672 2323 2116">
     <span class='ocr_line' id='line_1_12' title="bbox 368 1672 2323 1751; baseline -0.002 0"><span class='ocrx_word' id='word_1_63' title='bbox 368 1750 371 1751; x_wconf 8' lang='lat' dir='ltr'><strong>a</strong></span> <span class='ocrx_word' id='word_1_64' title='bbox 478 1679 663 1751; x_wconf 88' lang='lat' dir='ltr'><strong>Non</strong></span> <span class='ocrx_word' id='word_1_65' title='bbox 723 1674 1017 1750; x_wconf 88' lang='lat' dir='ltr'><strong>mirum</strong></span> <span class='ocrx_word' id='word_1_66' title='bbox 1082 1687 1202 1748; x_wconf 85' lang='lat' dir='ltr'><strong>tot</strong></span> <span class='ocrx_word' id='word_1_67' title='bbox 1262 1673 1626 1750; x_wconf 84' lang='lat' dir='ltr'><strong>bracteas.</strong></span> <span class='ocrx_word' id='word_1_68' title='bbox 1668 1695 1961 1748; x_wconf 67' lang='lat' dir='ltr'><strong>vacuas»</strong></span> <span class='ocrx_word' id='word_1_69' title='bbox 1991 1672 2077 1747; x_wconf 88' lang='lat' dir='ltr'><strong>in</strong></span> <span class='ocrx_word' id='word_1_70' title='bbox 2132 1677 2323 1748; x_wconf 86' lang='lat' dir='ltr'><strong>Gra-</strong></span> 
     </span>
     <span class='ocr_line' id='line_1_13' title="bbox 282 1787 2321 1886; baseline -0.002 -22"><span class='ocrx_word' id='word_1_71' title='bbox 282 1788 636 1864; x_wconf 87' lang='lat' dir='ltr'><strong>minibus</strong></span> <span class='ocrx_word' id='word_1_72' title='bbox 684 1788 830 1863; x_wconf 90' lang='lat' dir='ltr'><strong>sibi</strong></span> <span class='ocrx_word' id='word_1_73' title='bbox 883 1811 1049 1863; x_wconf 89' lang='lat' dir='ltr'><strong>esse</strong></span> <span class='ocrx_word' id='word_1_74' title='bbox 1095 1787 1522 1886; x_wconf 88' lang='lat' dir='ltr'><strong>impositas.</strong></span> <span class='ocrx_word' id='word_1_75' title='bbox 1619 1787 2021 1863; x_wconf 86' lang='lat' dir='ltr'><strong>Habemus</strong></span> <span class='ocrx_word' id='word_1_76' title='bbox 2067 1808 2321 1860; x_wconf 86' lang='lat' dir='ltr'><strong>exem-</strong></span> 
     </span>
     <span class='ocr_line' id='line_1_14' title="bbox 170 1899 2319 2004; baseline -0.001 -29"><span class='ocrx_word' id='word_1_77' title='bbox 170 1972 173 1975; x_wconf 84' lang='lat'>.</span> <span class='ocrx_word' id='word_1_78' title='bbox 280 1902 506 2004; x_wconf 87' lang='lat' dir='ltr'><strong>plum</strong></span> <span class='ocrx_word' id='word_1_79' title='bbox 556 1901 640 1976; x_wconf 92' lang='lat' dir='ltr'><strong>in</strong></span> <span class='ocrx_word' id='word_1_80' title='bbox 688 1901 1039 1976; x_wconf 88' lang='lat' dir='ltr'><strong>Armeria</strong></span> <span class='ocrx_word' id='word_1_81' title='bbox 1092 1900 1419 2000; x_wconf 84' lang='lat' dir='ltr'><strong>vulgari,</strong></span> <span class='ocrx_word' id='word_1_82' title='bbox 1483 1901 1625 1976; x_wconf 87' lang='lat' dir='ltr'><strong>ubi</strong></span> <span class='ocrx_word' id='word_1_83' title='bbox 1676 1899 1941 2002; x_wconf 89' lang='lat' dir='ltr'><strong>plures</strong></span> <span class='ocrx_word' id='word_1_84' title='bbox 1993 1921 2319 2000; x_wconf 85' lang='lat' dir='ltr'><strong>quoque</strong></span> 
     </span>
     <span class='ocr_line' id='line_1_15' title="bbox 278 2014 1881 2116; baseline -0.004 -23"><span class='ocrx_word' id='word_1_85' title='bbox 278 2016 630 2093; x_wconf 88' lang='lat' dir='ltr'><strong>bracteae</strong></span> <span class='ocrx_word' id='word_1_86' title='bbox 677 2039 963 2090; x_wconf 83' lang='lat' dir='ltr'><strong>vacuae</strong></span> <span class='ocrx_word' id='word_1_87' title='bbox 1016 2014 1163 2090; x_wconf 89' lang='lat' dir='ltr'><strong>sibi</strong></span> <span class='ocrx_word' id='word_1_88' title='bbox 1212 2014 1632 2116; x_wconf 85' lang='lat' dir='ltr'><strong>impositae</strong></span> <span class='ocrx_word' id='word_1_89' title='bbox 1678 2026 1881 2089; x_wconf 88' lang='lat' dir='ltr'><strong>sunt.</strong></span> 
     </span>
    </p>

    <p class='ocr_par' dir='ltr' id='par_1_7' title="bbox 270 2125 2384 3359">
     <span class='ocr_line' id='line_1_16' title="bbox 410 2125 2318 2231; baseline -0.004 -24"><span class='ocrx_word' id='word_1_90' title='bbox 410 2154 415 2159; x_wconf 83' lang='lat'><em>·</em></span> <span class='ocrx_word' id='word_1_91' title='bbox 473 2130 794 2231; x_wconf 83' lang='lat' dir='ltr'><strong>Optime</strong></span> <span class='ocrx_word' id='word_1_92' title='bbox 908 2128 1099 2203; x_wconf 85' lang='lat' dir='ltr'><strong>dixit</strong></span> <span class='ocrx_word' id='word_1_93' title='bbox 1201 2129 1594 2204; x_wconf 85' lang='lat' dir='ltr'><strong>Linnaeus</strong></span> <span class='ocrx_word' id='word_1_94' title='bbox 1718 2125 2318 2225; x_wconf 82' lang='lat' dir='ltr'><strong>(Fundamenta</strong></span> 
     </span>
     <span class='ocr_line' id='line_1_17' title="bbox 276 2238 2322 2343; baseline -0.005 -20"><span class='ocrx_word' id='word_1_95' title='bbox 276 2246 721 2343; x_wconf 88' lang='lat' dir='ltr'><strong>Agrostogr.</strong></span> <span class='ocrx_word' id='word_1_96' title='bbox 788 2244 958 2319; x_wconf 88' lang='lat' dir='ltr'><strong>Am.</strong></span> <span class='ocrx_word' id='word_1_97' title='bbox 1025 2266 1131 2318; x_wconf 90' lang='lat' dir='ltr'><strong>ac.</strong></span> <span class='ocrx_word' id='word_1_98' title='bbox 1195 2246 1292 2318; x_wconf 83' lang='lat' dir='ltr'><strong>V.</strong></span> <span class='ocrx_word' id='word_1_99' title='bbox 1351 2246 1414 2319; x_wconf 90' lang='lat'><strong>7.</strong></span> <span class='ocrx_word' id='word_1_100' title='bbox 1475 2270 1549 2343; x_wconf 91' lang='lat' dir='ltr'><strong>p.</strong></span> <span class='ocrx_word' id='word_1_101' title='bbox 1617 2239 1861 2336; x_wconf 81' lang='lat'><strong>177.):</strong></span> <span class='ocrx_word' id='word_1_102' title='bbox 1960 2238 2193 2335; x_wconf 87' lang='lat' dir='ltr'><strong>Calyx</strong></span> <span class='ocrx_word' id='word_1_103' title='bbox 2244 2249 2322 2313; x_wconf 83' lang='lat' dir='ltr'><strong>et</strong></span> 
     </span>
     <span class='ocr_line' id='line_1_18' title="bbox 280 2348 2316 2448; baseline -0.005 -13"><span class='ocrx_word' id='word_1_104' title='bbox 280 2357 575 2442; x_wconf 88' lang='lat' dir='ltr'><strong>corolla</strong></span> <span class='ocrx_word' id='word_1_105' title='bbox 641 2356 1146 2445; x_wconf 88' lang='lat' dir='ltr'><strong>Graminum,</strong></span> <span class='ocrx_word' id='word_1_106' title='bbox 1227 2369 1317 2433; x_wconf 82' lang='lat' dir='ltr'><strong>ut</strong></span> <span class='ocrx_word' id='word_1_107' title='bbox 1376 2357 1473 2433; x_wconf 88' lang='lat' dir='ltr'><strong>ab</strong></span> <span class='ocrx_word' id='word_1_108' title='bbox 1538 2356 1704 2433; x_wconf 87' lang='lat' dir='ltr'><strong>aliis</strong></span> <span class='ocrx_word' id='word_1_109' title='bbox 1765 2353 2113 2448; x_wconf 84' lang='lat' dir='ltr'><strong>multum</strong></span> <span class='ocrx_word' id='word_1_110' title='bbox 2165 2348 2316 2426; x_wconf 89' lang='lat' dir='ltr'><strong>dif-</strong></span> 
     </span>
     <span class='ocr_line' id='line_1_19' title="bbox 278 2466 2374 2558; baseline -0.001 -11"><span class='ocrx_word' id='word_1_111' title='bbox 278 2471 576 2558; x_wconf 85' lang='lat' dir='ltr'><strong>ferunt,</strong></span> <span class='ocrx_word' id='word_1_112' title='bbox 628 2496 669 2546; x_wconf 91' lang='lat' dir='ltr'><strong>a</strong></span> <span class='ocrx_word' id='word_1_113' title='bbox 716 2471 1108 2545; x_wconf 83' lang='lat' dir='ltr'><strong>Botanicis</strong></span> <span class='ocrx_word' id='word_1_114' title='bbox 1174 2472 1407 2546; x_wconf 89' lang='lat' dir='ltr'><strong>etiam</strong></span> <span class='ocrx_word' id='word_1_115' title='bbox 1477 2468 1876 2548; x_wconf 87' lang='lat' dir='ltr'><strong>diversum</strong></span> <span class='ocrx_word' id='word_1_116' title='bbox 1952 2466 2317 2543; x_wconf 90' lang='lat' dir='ltr'><strong>obtinue-</strong></span> <span class='ocrx_word' id='word_1_117' title='bbox 2369 2538 2374 2545; x_wconf 86' lang='lat'><strong>.</strong></span> 
     </span>
     <span class='ocr_line' id='line_1_20' title="bbox 277 2580 2317 2683; baseline -0.003 -23"><span class='ocrx_word' id='word_1_118' title='bbox 277 2599 471 2661; x_wconf 90' lang='lat' dir='ltr'><strong>runt</strong></span> <span class='ocrx_word' id='word_1_119' title='bbox 520 2608 817 2658; x_wconf 90' lang='lat' dir='ltr'><strong>nomen</strong></span> <span class='ocrx_word' id='word_1_120' title='bbox 871 2598 947 2660; x_wconf 90' lang='lat' dir='ltr'><strong>et</strong></span> <span class='ocrx_word' id='word_1_121' title='bbox 992 2598 1376 2660; x_wconf 85' lang='lat' dir='ltr'><strong>vocantur</strong></span> <span class='ocrx_word' id='word_1_122' title='bbox 1423 2585 1756 2682; x_wconf 86' lang='lat' dir='ltr'><strong>glumae,</strong></span> <span class='ocrx_word' id='word_1_123' title='bbox 1810 2606 2011 2683; x_wconf 85' lang='lat' dir='ltr'><strong>quae</strong></span> <span class='ocrx_word' id='word_1_124' title='bbox 2054 2580 2317 2654; x_wconf 83' lang='lat' dir='ltr'><strong>valvu-</strong></span> 
     </span>
     <span class='ocr_line' id='line_1_21' title="bbox 275 2689 2384 2793; baseline -0.005 -17"><span class='ocrx_word' id='word_1_125' title='bbox 275 2699 375 2776; x_wconf 92' lang='lat' dir='ltr'><strong>lis</strong></span> <span class='ocrx_word' id='word_1_126' title='bbox 426 2710 783 2774; x_wconf 88' lang='lat' dir='ltr'><strong>constant</strong></span> <span class='ocrx_word' id='word_1_127' title='bbox 830 2700 1185 2774; x_wconf 83' lang='lat' dir='ltr'><strong>concavis</strong></span> <span class='ocrx_word' id='word_1_128' title='bbox 1237 2713 1371 2775; x_wconf 86' lang='lat' dir='ltr'><strong>aut</strong></span> <span class='ocrx_word' id='word_1_129' title='bbox 1420 2697 1774 2772; x_wconf 81' lang='lat' dir='ltr'><strong>carinatis</strong></span> <span class='ocrx_word' id='word_1_130' title='bbox 1825 2696 2121 2793; x_wconf 87' lang='lat' dir='ltr'><strong>absque</strong></span> <span class='ocrx_word' id='word_1_131' title='bbox 2185 2717 2315 2766; x_wconf 85' lang='lat' dir='ltr'><strong>co·</strong></span> <span class='ocrx_word' id='word_1_132' title='bbox 2355 2689 2384 2697; x_wconf 55' lang='lat'><strong>&#39;&#39;</strong></span> 
     </span>
     <span class='ocr_line' id='line_1_22' title="bbox 275 2806 2317 2913; baseline -0.005 -24"><span class='ocrx_word' id='word_1_133' title='bbox 275 2812 474 2907; x_wconf 82' lang='lat' dir='ltr'><strong>rolla</strong></span> <span class='ocrx_word' id='word_1_134' title='bbox 549 2809 1021 2913; x_wconf 60' lang='lat' dir='ltr'><strong>petaloidea,</strong></span> <span class='ocrx_word' id='word_1_135' title='bbox 1134 2811 1580 2888; x_wconf 86' lang='lat' dir='ltr'><strong>Servandus</strong></span> <span class='ocrx_word' id='word_1_136' title='bbox 1656 2822 1770 2884; x_wconf 91' lang='lat' dir='ltr'><strong>est</strong></span> <span class='ocrx_word' id='word_1_137' title='bbox 1838 2806 2084 2882; x_wconf 78' lang='lat' dir='ltr'><strong>hicce</strong></span> <span class='ocrx_word' id='word_1_138' title='bbox 2122 2828 2317 2898; x_wconf 80' lang='lat' dir='ltr'><strong>usus</strong></span> 
     </span>
     <span class='ocr_line' id='line_1_23' title="bbox 272 2919 2316 3032; baseline -0.005 -27.01"><span class='ocrx_word' id='word_1_139' title='bbox 272 2919 660 3029; x_wconf 84' lang='lat' dir='ltr'><strong>loquendi</strong></span> <span class='ocrx_word' id='word_1_140' title='bbox 726 2923 1137 3032; x_wconf 86' lang='lat' dir='ltr'><strong>commodi</strong></span> <span class='ocrx_word' id='word_1_141' title='bbox 1204 2949 1433 3001; x_wconf 88' lang='lat' dir='ltr'><strong>causa</strong></span> <span class='ocrx_word' id='word_1_142' title='bbox 1498 2939 1579 3000; x_wconf 92' lang='lat' dir='ltr'><strong>et</strong></span> <span class='ocrx_word' id='word_1_143' title='bbox 1622 2919 1954 2998; x_wconf 89' lang='lat' dir='ltr'><strong>dicenda</strong></span> <span class='ocrx_word' id='word_1_144' title='bbox 2027 2920 2316 2997; x_wconf 90' lang='lat' dir='ltr'><strong>Gluma</strong></span> 
     </span>
     <span class='ocr_line' id='line_1_24' title="bbox 277 3034 2316 3137; baseline -0.005 -20"><span class='ocrx_word' id='word_1_145' title='bbox 277 3040 615 3137; x_wconf 88' lang='lat' dir='ltr'><strong>calycina</strong></span> <span class='ocrx_word' id='word_1_146' title='bbox 683 3054 760 3115; x_wconf 87' lang='lat' dir='ltr'><strong>et</strong></span> <span class='ocrx_word' id='word_1_147' title='bbox 808 3039 1188 3116; x_wconf 85' lang='lat' dir='ltr'><strong>corollina</strong></span> <span class='ocrx_word' id='word_1_148' title='bbox 1240 3063 1284 3115; x_wconf 89' lang='lat' dir='ltr'><strong>e</strong></span> <span class='ocrx_word' id='word_1_149' title='bbox 1334 3038 1571 3113; x_wconf 69' lang='lat' dir='ltr'><strong>valvis</strong></span> <span class='ocrx_word' id='word_1_150' title='bbox 1620 3034 2036 3110; x_wconf 84' lang='lat' dir='ltr'><strong>valvulisve</strong></span> <span class='ocrx_word' id='word_1_151' title='bbox 2099 3056 2316 3109; x_wconf 90' lang='lat' dir='ltr'><strong>com·</strong></span> 
     </span>
     <span class='ocr_line' id='line_1_25' title="bbox 275 3145 2319 3256; baseline -0.001 -27"><span class='ocrx_word' id='word_1_152' title='bbox 275 3154 560 3256; x_wconf 87' lang='lat' dir='ltr'><strong>posita,</strong></span> <span class='ocrx_word' id='word_1_153' title='bbox 649 3164 784 3229; x_wconf 84' lang='lat' dir='ltr'><strong>aut</strong></span> <span class='ocrx_word' id='word_1_154' title='bbox 853 3152 995 3227; x_wconf 86' lang='lat' dir='ltr'><strong>ubi</strong></span> <span class='ocrx_word' id='word_1_155' title='bbox 1080 3152 1475 3229; x_wconf 85' lang='lat' dir='ltr'><strong>distinctio</strong></span> <span class='ocrx_word' id='word_1_156' title='bbox 1559 3148 1948 3236; x_wconf 46' lang='lat' dir='ltr'><strong>difficilia</strong></span> <span class='ocrx_word' id='word_1_157' title='bbox 2015 3145 2319 3226; x_wconf 80' lang='lat' dir='ltr'><strong>dicatur</strong></span> 
     </span>
     <span class='ocr_line' id='line_1_26' title="bbox 280 3262 1983 3359; baseline -0.005 -14"><span class='ocrx_word' id='word_1_158' title='bbox 280 3266 568 3345; x_wconf 90' lang='lat' dir='ltr'><strong>Gluma</strong></span> <span class='ocrx_word' id='word_1_159' title='bbox 620 3266 984 3354; x_wconf 85' lang='lat' dir='ltr'><strong>exterior,</strong></span> <span class='ocrx_word' id='word_1_160' title='bbox 1032 3266 1535 3353; x_wconf 86' lang='lat' dir='ltr'><strong>intermedia,</strong></span> <span class='ocrx_word' id='word_1_161' title='bbox 1583 3262 1935 3340; x_wconf 84' lang='lat' dir='ltr'><strong>interior.</strong></span> <span class='ocrx_word' id='word_1_162' title='bbox 1979 3354 1983 3359; x_wconf 81' lang='lat'>.</span> 
     </span>
    </p>

    <p class='ocr_par' dir='ltr' id='par_1_8' title="bbox 274 3374 2316 4165">
     <span class='ocr_line' id='line_1_27' title="bbox 467 3374 2306 3478; baseline -0.003 -22"><span class='ocrx_word' id='word_1_163' title='bbox 467 3380 759 3457; x_wconf 87' lang='lat' dir='ltr'><strong>Palisot</strong></span> <span class='ocrx_word' id='word_1_164' title='bbox 806 3379 907 3456; x_wconf 89' lang='lat' dir='ltr'><strong>de</strong></span> <span class='ocrx_word' id='word_1_165' title='bbox 952 3381 1337 3457; x_wconf 87' lang='lat' dir='ltr'><strong>Beauvois</strong></span> <span class='ocrx_word' id='word_1_166' title='bbox 1388 3379 1635 3478; x_wconf 89' lang='lat' dir='ltr'><strong>(Essai</strong></span> <span class='ocrx_word' id='word_1_167' title='bbox 1672 3374 1910 3454; x_wconf 76' lang='lat' dir='ltr'><strong>d’une</strong></span> <span class='ocrx_word' id='word_1_168' title='bbox 1936 3375 2306 3453; x_wconf 85' lang='lat' dir='ltr'><strong>nouvelle</strong></span> 
     </span>
     <span class='ocr_line' id='line_1_28' title="bbox 275 3490 2313 3595; baseline -0.002 -25"><span class='ocrx_word' id='word_1_169' title='bbox 275 3494 954 3595; x_wconf 80' lang='lat' dir='ltr'><strong>Agrostographie.</strong></span> <span class='ocrx_word' id='word_1_170' title='bbox 1018 3499 1187 3570; x_wconf 86' lang='lat' dir='ltr'><strong>Par.</strong></span> <span class='ocrx_word' id='word_1_171' title='bbox 1254 3494 1516 3590; x_wconf 75' lang='lat'>1812)</span> <span class='ocrx_word' id='word_1_172' title='bbox 1588 3507 1859 3569; x_wconf 83' lang='lat' dir='ltr'><strong>acutus</strong></span> <span class='ocrx_word' id='word_1_173' title='bbox 1934 3490 2116 3568; x_wconf 79' lang='lat' dir='ltr'><strong>alias</strong></span> <span class='ocrx_word' id='word_1_174' title='bbox 2157 3490 2313 3576; x_wconf 66' lang='lat' dir='ltr'><strong>vir,</strong></span> 
     </span>
     <span class='ocr_line' id='line_1_29' title="bbox 278 3595 2315 3707; baseline -0.001 -25"><span class='ocrx_word' id='word_1_175' title='bbox 278 3608 661 3707; x_wconf 82' lang='lat' dir='ltr'><strong>pessimas·</strong></span> <span class='ocrx_word' id='word_1_176' title='bbox 746 3606 1191 3684; x_wconf 83' lang='lat' dir='ltr'><strong>introduxit</strong></span> <span class='ocrx_word' id='word_1_177' title='bbox 1284 3595 1783 3683; x_wconf 81' lang='lat' dir='ltr'><strong>mutati-ones.</strong></span> <span class='ocrx_word' id='word_1_178' title='bbox 1917 3605 2315 3707; x_wconf 83' lang='lat' dir='ltr'><strong>Spiculam</strong></span> 
     </span>
     <span class='ocr_line' id='line_1_30' title="bbox 274 3715 2315 3807; baseline -0.004 -9"><span class='ocrx_word' id='word_1_179' title='bbox 274 3720 663 3798; x_wconf 84' lang='lat' dir='ltr'><strong>locustam</strong></span> <span class='ocrx_word' id='word_1_180' title='bbox 712 3723 1043 3798; x_wconf 89' lang='lat' dir='ltr'><strong>nomine</strong></span> <span class='ocrx_word' id='word_1_181' title='bbox 1092 3720 1448 3797; x_wconf 88' lang='lat' dir='ltr'><strong>animalis</strong></span> <span class='ocrx_word' id='word_1_182' title='bbox 1497 3721 1834 3807; x_wconf 81' lang='lat' dir='ltr'><strong>vocavit,</strong></span> <span class='ocrx_word' id='word_1_183' title='bbox 1880 3721 1987 3796; x_wconf 91' lang='lat' dir='ltr'><strong>ob</strong></span> <span class='ocrx_word' id='word_1_184' title='bbox 2040 3715 2315 3795; x_wconf 84' lang='lat' dir='ltr'><strong>confu-</strong></span> 
     </span>
     <span class='ocr_line' id='line_1_31' title="bbox 277 3833 2316 3935; baseline -0.003 -23"><span class='ocrx_word' id='word_1_185' title='bbox 277 3835 620 3923; x_wconf 89' lang='lat' dir='ltr'><strong>sionem,</strong></span> <span class='ocrx_word' id='word_1_186' title='bbox 692 3851 785 3911; x_wconf 87' lang='lat' dir='ltr'><strong>ut</strong></span> <span class='ocrx_word' id='word_1_187' title='bbox 858 3836 996 3923; x_wconf 89' lang='lat' dir='ltr'><strong>ait,</strong></span> <span class='ocrx_word' id='word_1_188' title='bbox 1069 3833 1502 3911; x_wconf 81' lang='lat' dir='ltr'><strong>vitandam..</strong></span> <span class='ocrx_word' id='word_1_189' title='bbox 1602 3837 1704 3911; x_wconf 89' lang='lat' dir='ltr'><strong>At</strong></span> <span class='ocrx_word' id='word_1_190' title='bbox 1749 3834 1955 3935; x_wconf 93' lang='lat' dir='ltr'><strong>spica</strong></span> <span class='ocrx_word' id='word_1_191' title='bbox 2002 3852 2316 3930; x_wconf 83' lang='lat' dir='ltr'><strong>ramosa</strong></span> 
     </span>
     <span class='ocr_line' id='line_1_32' title="bbox 277 3943 2315 4047; baseline -0.001 -23"><span class='ocrx_word' id='word_1_192' title='bbox 277 3950 531 4031; x_wconf 77' lang='lat' dir='ltr'><strong>rarior</strong></span> <span class='ocrx_word' id='word_1_193' title='bbox 582 3963 696 4024; x_wconf 92' lang='lat' dir='ltr'><strong>est</strong></span> <span class='ocrx_word' id='word_1_194' title='bbox 746 3964 824 4027; x_wconf 90' lang='lat' dir='ltr'><strong>et</strong></span> <span class='ocrx_word' id='word_1_195' title='bbox 868 3963 1058 4026; x_wconf 89' lang='lat' dir='ltr'><strong>tunc</strong></span> <span class='ocrx_word' id='word_1_196' title='bbox 1104 3948 1194 4026; x_wconf 91' lang='lat' dir='ltr'><strong>in</strong></span> <span class='ocrx_word' id='word_1_197' title='bbox 1241 3947 1769 4026; x_wconf 84' lang='lat' dir='ltr'><strong>universalem·</strong></span> <span class='ocrx_word' id='word_1_198' title='bbox 1799 3961 1875 4024; x_wconf 90' lang='lat' dir='ltr'><strong>et</strong></span> <span class='ocrx_word' id='word_1_199' title='bbox 1910 3943 2315 4047; x_wconf 82' lang='lat' dir='ltr'><strong>partialem</strong></span> 
     </span>
     <span class='ocr_line' id='line_1_33' title="bbox 276 4058 2316 4165; baseline -0.001 -26"><span class='ocrx_word' id='word_1_200' title='bbox 276 4058 504 4139; x_wconf 84' lang='lat' dir='ltr'><strong>facile</strong></span> <span class='ocrx_word' id='word_1_201' title='bbox 539 4062 1074 4165; x_wconf 79' lang='lat' dir='ltr'><strong>distinguitur.</strong></span> <span class='ocrx_word' id='word_1_202' title='bbox 1138 4062 1516 4141; x_wconf 82' lang='lat' dir='ltr'><strong>Glumam</strong></span> <span class='ocrx_word' id='word_1_203' title='bbox 1550 4060 1970 4160; x_wconf 83' lang='lat' dir='ltr'><strong>calycinam</strong></span> <span class='ocrx_word' id='word_1_204' title='bbox 2003 4071 2316 4159; x_wconf 70' lang='lat' dir='ltr'><strong>tegmen</strong></span> 
     </span>
    </p>
   </div>
  </div>
 </body>
</html>
