2843 4800
1001 343 1484 421 PLANTA.
2172 344 2266 420 31

223 545 520 623 odores
598 537 1071 619 diffusibiles
1146 553 1285 619 aut
1358 539 1576 638 fixi),
1680 540 1996 622 duratio
2082 569 2270 624 con-

214 660 690 753 siderantur.

423 773 674 849 Virtus
723 771 1013 848 medica
1042 768 1493 872 plantarum
1523 769 1611 845 in
1644 768 2051 848 effectibus
2086 798 2272 850 con-

218 888 439 975 sistit,
489 911 696 989 quos
745 886 829 960 in
880 884 1047 962 aliis
1100 884 1570 984 corporibus
1616 885 1809 961 vivis
1853 899 2016 962 tam
2048 887 2275 977 sanis,
2367 880 2369 886 ’

224 1028 475 1104 quam
520 999 965 1087 morbosis,
1013 999 1494 1100 producunt.

226 1240 368 1330 21.
494 1236 932 1334 Plantae,
998 1234 1142 1320 uti
1208 1234 1549 1321 omnia
1615 1264 2051 1352 corpora
2117 1268 2269 1326 or-

350 1378 744 1490 ganica‚·
796 1388 1028 1462 sunt
1092 1408 1483 1490 corpora
1535 1380 2011 1492 periodica.

426 1574 658 1646 'Nunc
706 1568 804 1646 ad
856 1572 1335 1644 mutationes
1385 1570 1825 1672 plantarum
1877 1576 1957 1646 in
1995 1598 2275 1671 genere

228 1688 670 1762 transimus,

424 1801 754 1874 Duratio
826 1824 1258 1898 corporum
1317 1800 1789 1872 naturalium
1847 1816 1979 1874 aut
2031 1804 2277 1876 deter-

226 1916 520 1988 minata
578 1928 718 2000 est,
774 1940 812 1986 a
870 1914 1222 2010 corporis
1279 1928 1551 1987 natura
1609 1914 1945 1998 definita,
2001 1930 2131 1988 aut
2165 1918 2279 1986 in-

230 2028 748 2104 determinata
822 2052 862 2100 e
932 2028 1164 2100 rebus
1236 2030 1561 2102 externis
1613 2030 1987 2128 pendens,
2090 2034 2281 2104 Cor-

228 2171 422 2243 pora
474 2144 950 2239 inorganica,
1004 2144 1329 2237 crystalli
1385 2171 1443 2217 e.
1491 2169 1553 2239 g.
1607 2144 1913 2219 tamdiu
1949 2144 2283 2217 existunt

228 2261 508 2333 eade-m
586 2259 874 2355 figura,
954 2283 1190 2355 quam
1271 2285 1310 2331 a
1387 2261 1621 2331 rebus
1699 2261 2025 2333 externis
2115 2287 2279 2333 non

228 2373 782 2457 destruuntur,
852 2397 1182 2469 corpora
1254 2375 1615 2467 organica
1685 2401 1869 2449 vero
1921 2375 2281 2447 moriun-

226 2503 394 2573 tur,
448 2513 938 2587 quamquam
994 2487 1297 2571 omnia,
1355 2513 1554 2583 quae
1607 2515 1891 2563 nocere
1959 2491 2281 2587 possint,

232 2603 466 2675 omni
536 2627 714 2675 cura
782 2615 1204 2673 arceantur.
1321 2603 1463 2673 Hic
1519 2601 1909 2677 character
1963 2603 2057 2675 ad
2113 2629 2283 2677 cor-

228 2739 544 2815 porum
610 2717 1156 2809 organicorum
1226 2717 1667 2789 essentiales
1719 2719 2057 2817 pertinet
2107 2719 2281 2791 cha·
2329 2813 2331 2819 Ι
2435 2758 2440 2762 -

224 2843 592 2903 racteres.

434 2949 790 3041 Tempus
853 2945 934 3015 in
1002 2943 1477 3017 formatione
1531 2945 1857 3039 crystalli
1913 2947 2285 3043 elapsum,

232 3059 552 3133 duratio
610 3071 754 3143 est,
806 3061 1138 3131 minime
1192 3057 1589 3155 periodus„

430 3171 822 3258 Periodus
871 3196 1307 3272 corporum
1358 3171 1919 3274 organicorum
1951 3193 2121 3244 non
2160 3193 2287 3245 so·-

226 3284 414 3361 lum
465 3309 606 3385 per
650 3299 902 3374 totam
949 3286 1149 3372 vitae
1200 3282 1725 3374 durationem,
1772 3282 1914 3369 sed
1957 3310 2100 3386 per
2132 3284 2288 3361 sin-

225 3398 431 3498 gulas
477 3424 804 3502 quoquc
853 3397 1019 3497 ejus
1050 3413 1459 3488 momenta
1493 3400 1780 3477 transit.
1878 3400 2082 3477 Hinc
2116 3426 2287 3477 cor-

223 3539 397 3613 pus.
478 3514 949 3610 organicum
1019 3513 1107 3588 in
1180 3513 1557 3604 continua
1641 3527 1756 3590 est
1826 3516 2286 3591 mutatione.

227 3633 460 3724 Quae
510 3629 853 3712 mutatio
903 3653 1072 3714 non
1112 3627 1387 3714 ‘solum
1436 3628 1522 3702 in
1569 3625 1846 3717 forma,
1894 3628 2035 3706 sed
2086 3653 2288 3730 quo-

226 3766 386 3842 que
439 3742 533 3816 in
585 3742 992 3843 principiis
1041 3741 1412 3819 chemicis
1458 3741 1731 3818 locum
1780 3743 2034 3829 habet,
2086 3764 2289 3843 quae

224 3856 575 3957 quidem
623 3853 709 3928 in
758 3856 1229 3942 nutritione,
1275 3856 1787 3957 respiratione
1837 3870 1915 3931 et
1960 3857 2288 3958 transpi-

225 3972 545 4047 ratione
610 3994 1059 4071 numquam
1125 3970 1537 4046 immutata
1582 3970 2025 4074 persistunt.
2121 3972 2287 4047 Ho-

223 4110 408 4172 rum
444 4085 725 4185 itaque
758 4084 1080 4161 varietas
1111 4083 1505 4185 primitiva
1536 4097 1746 4162 tanta
1782 4108 1947 4159 esse
1991 4085 2286 4186 nequit,
