2843 4800
847 331 1618 413 STRUCTURA..
2159 339 2264 413 7⁸1

384 536 703 611 Ductus
782 528 1398 608 intercellulares
1494 556 1695 609 voco
1714 591 1740 620 ,
1830 532 1970 634 qui
2049 533 2261 612 inter

208 649 438 725 series
521 646 987 723 cellularum
1056 660 1267 723 reeta
1344 645 1866 733 descendunt,
1937 647 2025 721 in
2090 672 2258 746 seg-=

207 777 477 840 mento
527 758 1017 837 transversali
1072 765 1161 835 T.
1198 766 1263 836 l.
1297 758 1346 835 f.
1381 765 1447 838 7.
1500 787 1560 836 a.
1592 762 1679 836 in
1713 761 1933 837 caule
1975 764 2258 839 Orchi-

209 878 321 954 dis
418 873 797 951 latifoliae
889 875 1318 974 conspicui.
1463 876 1800 951 Materia
1874 899 2260 973 grumosa

204 1016 431 1093 saepe
480 988 749 1065 referti
810 1002 996 1063 sunt
1057 1002 1133 1063 et
1197 989 1627 1090 asparagini
1674 990 2040 1090 principii
2089 1015 2257 1088 cry-

205 1105 442 1182 stallis
508 1103 952 1180 luculenter
1000 1127 1328 1204 quoque
1375 1100 1762 1204 projectis.
1864 1103 2083 1180 Olim
2131 1106 2258 1181 in·-

205 1219 453 1295 dicavi
540 1216 1023 1315 (Nachtriige
1096 1241 1157 1291 z.
1234 1215 1307 1290 d.
1372 1216 1851 1294 Grundlehr.
1925 1218 2116 1295 Hest
2181 1224 2256 1296 2.

199 1361 270 1435 p.
323 1331 524 1429 16.),
568 1344 747 1406 tum
794 1332 1067 1406 Kieser
1114 1330 1455 1428 (Phytot.
1504 1358 1579 1432 p.
1630 1331 1776 1428 78.)
1831 1331 1932 1408 de
1975 1332 2102 1408 his
2132 1334 2253 1410 10-

200 1446 480 1548 quitur
551 1458 627 1520 at
697 1444 968 1519 minus
1029 1444 1265 1533 bene,
1321 1446 1490 1521 'ubi
1557 1446 1875 1522 obscuri
1935 1446 2253 1540 fuerint,

197 1566 391 1638 aere
437 1570 654 1660 putat
695 1557 1060 1659 repletos
1155 1558 1694 1635 Hallucinatus
1740 1576 1856 1637 est
1884 1563 2253 1640 Molden„

194 1677 462 1753 hauer
523 1674 813 1771 (Beytr.
876 1698 951 1772 p.
1015 1671 1222 1769 163.)
1288 1671 1490 1748 dum
1557 1698 1743 1750 cum
1790 1676 2113 1752 materia
2160 1680 2252 1754 in

200 1787 503 1865 cellulis
551 1799 917 1863 contenta
965 1784 1405 1863 confundit.
1520 1796 1537 1816 ⁹

196 2013 342 2106 47.
467 2008 1016 2103 Contextus
1099 2010 1627 2100 cellulosus
1702 2025 1874 2102 aut
1923 1968 2248 2130 paren·

204 2194 215 2203 ·
321 2152 634 2272 chy-ma
697 2149 983 2252 sistit,
1072 2162 1246 2240 aut
1304 2156 1982 2319 prosenchssna
2077 2164 2256 2245 aul:

319 2318 532 2384 oasa
565 2288 956 2410 fibrosa.

387 2462 926 2567 Parent-'zyma
973 2487 1019 2540 e
1068 2462 1366 2539 cellulis
1417 2475 1719 2539 constat
1768 2478 1903 2540 aut
1947 2464 2246 2567 absque

192 2578 492 2657 ordine
570 2577 984 2674 congestis»,
1048 2592 1184 2653 aut
1245 2577 1330 2651 in
1387 2578 1631 2657 series
1683 2578 2115 2680 dispositiS,
2169 2594 2247 2656 et

192 2690 537 2795 quidem
595 2690 701 2765 ita
760 2706 849 2768 ut
912 2692 1522 2770 extremitatibus
1587 2691 2016 2793 deplanatis
2092 2694 2250 2776 sibi.

189 2806 634 2934 impositae
678 2804 845 2880 sint.
968 2811 1145 2881 Huc
1205 2831 1540 2906 quoque
1597 2805 1857 2884 refero
1926 2806 2246 2888 cellulas

193 2921 560 3021 globosas
610 2918 695 2993 in
745 2920 980 2995 series
1035 2899 1466 3019 dispositas.
1569 2919 1725 2996 Csr.
1781 2926 1869 2994 T.
1910 2925 1974 2995 1.
2007 2919 2074 2994 s
2129 2924 2245 2995 10.

195 3038 335 3133 (ex
402 3031 752 3111 Orchide
800 3031 1209 3130 latifolia),
1257 3031 1309 3108 s.
1357 3036 1428 3108 4.
1480 3032 1598 3129 (e
1619 3033 2052 3129 tegmentis
2065 3033 2242 3107 Pini

190 3148 525 3244 Strobi).

202 3307 221 3329 .
386 3262 957 3365 Prosenchpna
1021 3276 1323 3339 constat
1384 3285 1428 3338 e
1493 3215 1791 3362 cellulis
1847 3257 2245 3348 ovalihus,

193 3375 561 3474 oblongis
645 3390 721 3453 et
786 3376 1382 3473 subcylindricis
1447 3377 1555 3452 ita
1621 3373 2073 3476 dispositis,
2148 3388 2248 3459 ui}

194 3491 805 3567 extremitatibus
879 3492 1027 3567 sibi
1103 3518 1271 3568 non
1348 3490 1766 3591 impositae
1839 3489 2026 3577 sint,
2100 3488 2244 3566 sed

194 3604 607 3705 appositae.
725 3602 883 3682 Cfr.
952 3610 1040 3682 T.
1107 3611 1174 3681 1.
1238 3604 1290 3680 f.
1341 3609 1407 3682 7.
1459 3606 1550 3703 (e
1597 3603 2012 3701 tegmentis
2059 3603 2240 3681 Pini

195 3718 545 3815 Strobi),
598 3722 688 3794 T.
743 3724 809 3794 1.
857 3717 907 3794 f.
956 3722 1023 3795 2.
1076 3718 1171 3817 (e
1217 3718 1428 3794 libro
1475 3718 1658 3815 Pyri
1705 3716 1966 3814 Mali).

377 3832 588 3909 Vasa
627 3830 934 3933 fibrosa
966 3883 969 3886 -
996 3846 1183 3908 sunt
1252 3832 1512 3910 tubuli
1563 3830 1968 3929 cylindrici
1991 3875 1994 3878 η
2019 3827 2240 3905 elon-

189 3945 362 4040 gati,
460 3946 1078 4026 extremitatibus
1166 3945 1315 4022 sibi
1405 3946 1774 4048 appositi,
1843 3965 2013 4026 ,nee
2089 3943 2242 4020 im·-

185 4060 435 4158 positi.
