2843 4800
1155 325 1293 401 FL
1316 326 1387 402 O
1412 327 1485 400 S.
2193 329 2337 408 271

289 542 510 614 etum
562 538 705 612 est,
758 546 821 598 e.
871 545 940 620 g.
988 523 1073 598 in
1124 523 1301 601 Anii
1355 523 1784 623 speciebus,
1832 548 2174 625 quarum
2206 551 2338 628 pe-

278 642 438 720 tala
476 637 891 715 decidunt.
995 638 1122 713 Sic
1173 661 1501 737 quoque
1549 661 1779 713 verus
1831 637 2073 736 calyx,
2140 662 2202 714 e.
2266 661 2335 737 g.

284 756 622 854 Lychnis
678 752 982 824 dioicae
1036 778 1074 824 a
1130 752 1587 852 pedunculo
1643 752 2019 828 discretus
2075 768 2203 828 est.

482 866 946 942 Secundum
1040 868 1585 964 Sprengelium
1675 866 1884 962 calyx
1969 882 2111 954 est,
2197 866 2335 968 qui

284 982 740 1084 praesertim
822 982 1166 1053 cutaneis
1250 968 1643 1076 glandulis
1731 996 1841 1054 est
1923 982 2335 1078 insignitus

288 1094 612 1196 (Anleit.
670 1116 726 1164 z,
780 1098 1112 1166 Kenntn.
1168 1092 1238 1166 d.
1297 1100 1503 1168 Gew.
1561 1100 1621 1168 1.
1671 1122 1743 1194 p.
1799 1096 2029 1190 156.).
2131 1100 2335 1170 Sane

284 1208 836 1308 glandularum
904 1208 1335 1302 praesentia
1389 1222 1857 1284 structuram
1923 1208 2335 1284 foliaceam

282 1324 592 1398 indicat.
672 1328 766 1396 At
818 1342 984 1392 non
1038 1344 1349 1418 semper
1397 1322 1477 1394 in
1517 1324 1809 1397 corolla
1857 1338 2135 1410 carent,
2185 1346 2333 1398 nec

284 1460 598 1536 semper
634 1436 718 1506 in
755 1432 1008 1528 calyce
1046 1436 1407 1532 copiosae
1443 1438 1959 1534 reperiuntur,
1995 1462 2139 1512 nec
2173 1442 2331 1514 Au·-

286 1564 456 1626 ctor
508 1546 944 1622 absolutam
996 1548 1248 1622 voluit
1301 1574 1461 1622 esse
1517 1550 2063 1624 differentiam.

482 1664 710 1758 Calyx
810 1660 1096 1760 duplex
1192 1661 1274 1732 in
1359 1664 1585 1736 variis
1669 1664 2329 1738 animadvertitur.

286 1778 708 1874 Quaeritur
768 1799 864 1846 an
916 1800 1094 1848 vere
1148 1774 1357 1870 calyx
1409 1776 1505 1850 sit
1555 1776 1859 1876 duplex,
1913 1804 2009 1850 an
2075 1778 2331 1878 dupli-

284 1906 496 1968 catus
594 1888 888 1986 duplici
978 1888 1435 1986 phyllorum
1531 1894 1747 1964 serie.
1907 1892 2329 1993 Duplicem

282 2007 610 2083 dixerim
680 2029 866 2077 cum
938 2003 1268 2075 exterior
1331 2005 1563 2077 series
1629 2031 1769 2079 seu
1821 2007 2033 2079 orbis
2087 2007 2331 2105 stipu-

276 2121 370 2195 lis
422 2119 798 2215 analogus
854 2131 994 2201 est,
1048 2117 1377 2189 interior
1427 2116 1665 2203 foliis,
1721 2118 1943 2217 quod
1997 2119 2327 2219 quidem

278 2237 360 2307 in
408 2231 818 2309 Malvaceis
870 2231 1140 2303 locum
1194 2229 1481 2305 habere
1533 2231 1863 2305 videtur.

472 2345 708 2439 Calyx
758 2369 986 2443 saepe
1037 2345 1353 2417 brevior
1403 2359 1515 2419 est
1565 2347 1889 2431 corolla,
1945 2345 2137 2421 dum
2179 2345 2323 2419 sso-

278 2475 398 2533 ret
458 2459 752 2557 planta,
820 2471 996 2532 ante
1064 2457 1639 2533 florescentiam
1707 2459 2023 2557 longior
2075 2459 2321 2533 corol-

280 2575 438 2649 lam
488 2587 774 2667 tegens.

277 2799 478 2887 161.
610 2791 906 2909 Calyx
1000 2803 1170 2881 aut
1266 2807 1413 2881 est
1499 2797 2077 2911 polyphyllm,
2159 2805 2325 2881 aut

394 2937 998 3051 monophyllzcs
1073 2931 1198 3019 ad
1272 2933 1737 3019 lah‘iatam
1831 2931 2323 3021 accedens

402 3075 864 3163 sormam.

470 3257 766 3355 Caly‘cis
860 3257 1295 3360 polyphylli
1392 3271 1648 3358 partes
1755 3254 2189 3354 singulares
2278 3283 2325 3334 a

250 3369 694 3449 -Candollio
755 3370 1205 3449 Neckerum
1277 3386 1549 3448 secuto
1580 3426 1584 3432 -
1616 3370 1871 3471 sepala
1922 3384 2324 3459 vocantur,

268 3509 466 3561 voce
525 3480 874 3559 barbara.
975 3488 1386 3562 ⁴Habemus
1434 3508 1715 3560 vocem
1762 3481 2128 3585 phyllum
2179 3509 2325 3561 no-

270 3598 686 3685 tissimam,
756 3596 853 3673 ab
915 3600 1281 3700 Antiquis
1341 3596 1660 3697 jamjam
1706 3598 2018 3700 plantae
2065 3600 2325 3696 (Mer-

271 3710 593 3807 curiali)
658 3710 1149 3812 impositam,
1235 3738 1479 3814 quam
1553 3727 1760 3788 certe
1823 3710 2324 3813 praeferrem,

267 3824 727 3927 praesertim
779 3849 965 3899 cum
1025 3826 1402 3902 vocabula
1466 3827 1967 3902 usitatissima
2032 3847 2327 3900 mono-

268 3936 585 4040 phyllus
674 3951 750 4014 et
836 3938 1342 4041 polyphyllus
1426 3942 1510 4017 in
1595 3937 2161 4100 monosepalus
2249 3950 2325 4016 et

242 4051 769 4155 ·polysepalus
815 4058 1200 4137 mutanda
1252 4060 1426 4135 sint.
