2843 4800
1130 344 1457 420 FLos;
2158 341 2302 419 267

258 546 653 652 perigynis
717 545 956 621 latere
1019 542 1396 618 interiore
1472 538 1719 641 petala
1805 553 1880 615 et
1974 537 2303 614 stamina

261 662 647 738 sustinere
698 659 917 735 solet.
1015 657 1444 733 Perianthii
1485 678 1816 742 nomen,
1866 653 2049 728 alias
2100 652 2304 728 otio·

263 801 481 863 sum,
555 774 946 876 superiori
995 772 1191 873 parti
1256 769 1564 871 imponi
1627 781 1916 869 potest,
1992 790 2155 867 quo
2206 765 2304 841 ab

262 888 697 992 hypanthio
751 887 1290 984 distinguatur.

270 1099 474 1194 158.
598 1101 835 1188 Situs
926 1098 1268 1212 inferus
1363 1107 1462 1183 et
1560 1126 1928 1211 superus
2032 1101 2316 1184 ovar-ii

393 1251 563 1330 aut
627 1237 949 1326 oritur
1011 1263 1069 1323 a
1134 1233 1789 1324 concretione
1834 1233 2306 1348 germinis

400 1391 505 1468 et
581 1374 965 1493 calycis‚
1071 1386 1240 1462 aut
1321 1374 1786 1487 analogus
1865 1386 2010 1462 est
2081 1400 2307 1494 pro-

395 1504 668 1633 lepsi'
712 1513 1130 1605 centrali
1195 1526 1292 1603 et
1348 1512 1874 1602 terminali.

472 1685 849 1762 Ovarium
915 1709 1057 1760 seu
1105 1707 1428 1782 germen
1476 1681 1826 1757 inferum
1876 1681 1972 1757 ab
2022 1684 2327 1759 Aucto--

275 1800 495 1880 ribus
556 1799 949 1900 plerisque
1018 1797 1306 1872 dicitur
1365 1796 1588 1898 quod
1634 1821 1818 1872 cum
1869 1796 2121 1892 calyce
2170 1818 2313 1873 seu

272 1914 539 2017 potius
589 1912 1023 2014 hypanthio
1061 1925 1492 1988 connatum
1529 1926 1658 1998 est,
1693 1936 2069 2013 superum
2101 1933 2312 1999 vem,

275 2025 500 2130 quod
564 2052 605 2101 a
668 2027 925 2125 calyce
999 2026 1354 2102 solutum
1434 2025 2066 2128 deprehenditur.
2179 2028 2313 2101 Se-

275 2142 771 2242 misuperum
824 2155 954 2227 est,
1007 2139 1229 2241 quod
1278 2140 1564 2242 partim
1599 2166 1639 2215 a
1676 2140 1928 2237 calyce
1969 2138 2314 2228 solvitur,

276 2257 563 2359 partim
623 2256 772 2356 ipsi
837 2254 1223 2333 adhaeret.
1332 2259 1425 2332 In
1489 2254 1759 2332 multis
1821 2278 1946 2330 res
1993 2254 2097 2330 ita
2146 2276 2318 2329 sese

278 2370 549 2458 habet,
635 2395 695 2444 e.
781 2393 847 2467 g.
930 2369 1013 2443 in
1094 2369 1555 2449 Umbellatis
1637 2384 1774 2445 etc.
1898 2371 1998 2447 At
2086 2390 2317 2469 saepe

279 2485 565 2561 haecce
638 2483 1037 2560 distinctio
1108 2499 1430 2560 naturae
1506 2509 1673 2559 non
1740 2485 2121 2561 convenit.
2234 2482 2316 2559 Si

284 2599 646 2675 ovarium
707 2598 927 2674 floris
992 2597 1402 2697 cujusdam
1465 2597 1847 2684 inferum,
1917 2624 1980 2676 e.
2046 2622 2113 2696 g.
2167 2602 2320 2673 Ga-

281 2711 531 2789 lanthi
605 2712 874 2788 nivalis
950 2738 1133 2789 cum
1210 2712 1363 2788 alio
1426 2711 1650 2786 floris
1715 2710 2125 2808 cujusdam
2190 2735 2317 2785 su·

280 2850 478 2929 pero
545 2839 621 2901 et
697 2827 1023 2927 quidem
1101 2826 1406 2928 plantae
1485 2825 1703 2902 haud
1774 2825 1877 2901 ita
1949 2837 2322 2913 remotae,

285 2963 351 3018 e.
412 2964 479 3040 g.
538 2941 951 3038 Hyacinthi
1019 2938 1428 3038 cujusdam
1491 2965 1925 3040 comparaS,
1972 2939 2323 3015 invenies

284 3055 811 3157 pericarpium
895 3069 1329 3155 utrumque
1414 3078 1503 3129 ex
1594 3052 1881 3128 iisdem
1965 3066 2321 3128 constare

285 3169 767 3245 membranis
856 3169 1004 3244 sibi
1103 3168 1762 3270 superimpositis,
1836 3191 1980 3242 nec
2059 3164 2320 3242 ullum

290 3282 566 3380 calycis
616 3284 874 3360 adnati
924 3283 1341 3381 vestigium
1390 3283 1476 3358 in
1525 3281 1662 3357 illo
1709 3281 2058 3358 inveniri.
2155 3284 2321 3356 Hu-

287 3393 639 3496 iusmodi
690 3398 931 3473 flores
980 3410 1166 3473 sunt
1211 3421 1392 3473 vere
1443 3396 1772 3498 epigyni.

486 3511 613 3588 Sic
678 3535 1003 3613 quoque
1068 3510 1281 3585 nulla
1344 3524 1459 3585 est
1509 3509 1947 3587 differentia
1994 3510 2079 3584 in
2133 3505 2324 3584 divi-

234 3675 239 3680 ·
288 3626 516 3704 sione
564 3625 1122 3703 fasciculorum
1171 3625 1663 3722 lignosorum
1700 3613 2129 3727 pedunculi
2166 3622 2326 3721 epi-

288 3764 704 3841 gynorum‚
737 3741 1304 3843 perigynorum
1338 3751 1414 3813 et
1445 3738 2074 3840 hypogynorum.
2143 3740 2326 3811 Fas·

291 3856 520 3933 ciculi
593 3882 736 3958 per
811 3855 1169 3931 ovarium
1234 3852 1467 3929 simili
1545 3849 1798 3929 modo
1880 3851 2327 3936 decurrunt,

289 3970 373 4046 in
426 3971 776 4073 epyginis
836 3995 1070 4071 supra
1122 3968 1481 4045 ovarium
1528 3966 1878 4042 ramulos
1929 3964 2026 4041 ad
2077 3962 2328 4064 petala

294 4098 372 4161 et
442 4086 777 4161 stamina
841 4085 1232 4173 emittunt,
1297 4082 1382 4159 in
1442 4081 1882 4186 hypogynis
1944 4075 2198 4168 infra,'
2241 4078 2328 4155 in
