2843 4800
847 315 1776 397 PHYTOTROPIA.
2179 322 2368 398 465.

272 535 409 599 aut
458 538 831 622 expansas
879 517 985 617 ita
1034 530 1130 592 ut
1173 513 1512 617 parietes
1559 528 1844 616 tegant,
1895 512 2093 594 olim
2133 545 2337 622 quo-
2428 527 2456 571 ·,

270 661 429 739 que
483 635 805 712 arbores
856 631 1231 730 singulari
1280 628 1544 715 forma
1593 630 2162 735 producebant,
2208 639 2332 713 cui

266 776 516 852 scopo
595 773 763 825 non
841 770 1124 823 omnes
1198 744 1730 857 inserviebant
1802 747 2129 850 specieS,
2191 751 2333 826 sed

264 865 478 941 lente
527 877 838 939 tantum
892 874 1339 936 crescentes.
1699 882 1702 885 ·

467 977 894 1073 Qualitates
958 974 1410 1075 saepissime
1471 989 1909 1064 mutam‘US‚
1974 976 2171 1053 dum
2241 1005 2329 1055 ex

264 1094 552 1170 amaris
619 1091 1013 1168 dulciores
1061 1089 1589 1191 producimus
1639 1089 1940 1189 plantas
1993 1106 2067 1167 et
2112 1118 2325 1171 acres

262 1209 629 1284 mitiores
677 1204 1094 1282 reddimus
1146 1205 1471 1280 cultura.
1578 1207 1680 1278 Et
1729 1203 2097 1281 colorum
2148 1233 2327 1283 mu-

260 1325 455 1398 tatio
527 1323 612 1397 in
677 1319 892 1397 foliis
959 1334 1035 1395 et
1095 1316 1436 1393 floribus
1498 1316 1658 1392 huc
1718 1319 2089 1419 pertinet;
2138 1348 2324 1420 pro-

262 1436 539 1515 ductio
592 1434 884 1511 scilicet
929 1432 1316 1508 foliorum
1364 1431 1721 1528 margine
1774 1457 2015 1510 aureo
2052 1459 2327 1534 argen-

261 1565 496 1628 teove
560 1551 1044 1635 ductorum,
1108 1572 1255 1622 nec
1304 1571 1474 1621 non
1523 1547 2139 1644 variegatorum,
2191 1577 2323 1627 co-

263 1664 649 1740 rollarum
721 1662 976 1738 alieno
1049 1661 1318 1736 colore
1381 1660 1807 1737 tinctarum
1860 1677 1937 1737 et
1983 1666 2323 1764 variega-

262 1793 546 1854 tarum.
644 1778 953 1854 Plantas
1001 1775 1253 1905 magis
1305 1773 1746 1851 odoriferas
1778 1776 2116 1855 reddere
2161 1794 2324 1855 stu-
2364 1793 2374 1799 '
2479 1772 2484 1775 ⁷

263 1891 554 1968 demus
638 1906 712 1967 et
786 1890 1059 1966 saltem
1140 1890 1226 1962 in
1276 1888 1485 1964 loca
1575 1889 2093 1990 inquirimus,
2176 1893 2322 1969 ubi

259 2005 571 2107 plantae
666 2003 977 2081 medica
1073 2004 1360 2080 virtute
1459 2005 1866 2105 praeditae
1950 2005 2324 2083 fortiores

259 2118 486 2196 fiunt.
898 2184 903 2189 .

460 2235 787 2311 Cultura
880 2235 1125 2311 totius
1218 2198 1531 2334 plantae
1627 2233 1788 2310 huc
1885 2232 2320 2310 referenda.
2417 2260 2422 2264 ·

259 2348 470 2421 Nam
543 2342 724 2420 loco
804 2346 1059 2422 alieno
1128 2372 1301 2423 eam
1368 2349 1737 2436 sel-imm,
1817 2363 1954 2425 aut
2016 2350 2320 2425 semine

262 2473 400 2541 aut
463 2457 796 2534 surculis
849 2473 984 2533 aut
1029 2460 1583 2536 viviradicibus
1636 2477 1770 2538 aut
1820 2464 1976 2539 alio
2033 2466 2320 2565 quovis

259 2572 553 2662 modo,
613 2572 950 2656 minime
1015 2571 1381 2658 naturali,
1448 2576 1907 2672 praesertim
1960 2603 2149 2653 cum
2199 2606 2319 2653 ra·

258 2713 491 2763 mum
545 2710 1040 2783 gemmamve
1085 2684 1211 2760 alii
1249 2684 1467 2786 stirpi
1502 2685 1947 2763 inserimus.
2052 2697 2320 2785 Quan-

258 2816 434 2881 tum
499 2791 672 2876 fieri
734 2813 996 2902 potest
1057 2813 1303 2874 artem
1370 2812 1698 2876 naturae
1747 2801 2090 2877 similem
2141 2806 2320 2881 red-

262 2914 561 3010 dimus,
608 2971 611 2974 -
660 2914 802 2989 sed
884 2914 1246 3017 quamvis
1327 2914 1729 2992 simillima
1823 2916 1952 3004 sit,
1995 2927 2003 2950 ³
2050 2932 2319 3008 tamen

262 3028 667 3131 discrepat.
738 3089 743 3092 .
1352 3053 1361 3068 .
1430 3055 1436 3060 ·

219 3150 225 3170 ‘
453 3146 548 3218 In
612 3142 958 3241 singulas
1018 3157 1275 3245 partes
1350 3157 1599 3219 artem
1678 3143 2140 3250 dirigimuS,'
2197 3148 2319 3225 fo-

257 3255 559 3332 liorum
617 3258 1084 3334 uberiorem.
1143 3258 1600 3359 quaerimus
1650 3275 2131 3361 proventum
2185 3274 2319 3339 a'ut

258 3370 560 3447 florum
612 3386 745 3447 aut
778 3371 1185 3449 fructuum
1220 3372 1804 3476 seminumque.
1914 3382 2317 3454 Monstro-

259 3486 503 3561 sitate·
546 3485 902 3587 quodam
970 3485 1307 3564 adfectas
1371 3501 1629 3588 partes
1691 3490 2014 3592 reliquis
2092 3519 2319 3592 prae*

256 3598 622 3688 ferimm,
690 3600 964 3676 saltem
1026 3601 1231 3677 ultra
1280 3601 1622 3678 modum
1675 3628 2072 3702 magnas.
2116 3609 2311 3681 For-

255 3737 475 3789 mam
508 3727 704 3791 aut
739 3715 1194 3816 qualitatem
1243 3716 1596 3814 singulae
1659 3719 1899 3819 partis
1963 3719 2312 3854 plerum-

260 3853 417 3992 que
468 3853 613 3905 nec
662 3830 907 3905 totius
955 3829 1265 3931 plantae
1316 3845 1744 3908 mutamus.

1518 4180 1740 4300 4„
