2843 4800
614 856 1230 935 EXPLICATIO
1308 857 1956 985 TABULARUM..

1116 1213 1421 1288 Tah.1.

252 1366 371 1431 Fig.
412 1364 460 1418 l.
532 1363 891 1507 Ριιοιιοὴζπη
924 1384 954 1416 e
990 1364 1138 1417 caule
1174 1363 1368 1417 Orcbis
1404 1361 1673 1415 latifoliae.

251 1436 445 1501 Figst
448 1473 461 1486 .
535 1435 766 1488 Prosenc
897 1454 924 1486 a
962 1455 989 1487 e
1026 1434 1223 1487 cortice
1258 1434 1513 1486 interiore
1535 1433 1675 1517 Pyri
1707 1428 1857 1485 Mali.

251 1508 373 1572 Fig.
407 1506 459 1557 3.
533 1455 839 1558 Contextus
869 1506 1153 1557 cellulosus
1193 1525 1218 1556 e
1255 1518 1444 1557 trunco
1482 1503 1670 1556 Filicis
1707 1505 1971 1555 arboreae.
2010 1521 2054 1553 a.
2091 1501 2297 1554 Meatus

400 1576 799 1628 intercellularis
849 1576 953 1627 alio
990 1577 1428 1647 proseuchymate
1463 1576 1711 1644 repletus.

252 1647 374 1714 Fig.
400 1647 462 1768 ἒ.
535 1648 768 1699 Cellulae
814 1645 1063 1711 globosae
1108 1667 1263 1717 saepe
1311 1645 1461 1717 quasi
1505 1664 1733 1715 por-osae
1785 1664 1816 1696 e
1861 1641 2132 1710 tegmentis
2178 1638 2303 1699 Pini

441 1719 598 1770 trobi-

252 1788 375 1862 Fig.
411 1788 461 1839 5.
535 1789 769 1840 Cellulae
813 1788 1083 1860 globosae
1109 1805 1265 1855 saepe
1313 1785 1462 1857 quasi
1512 1805 1741 1856 porosae
1786 1804 1815 1838 e
1866 1785 2010 1850 ligno
2046 1782 2302 1836 annotino

398 1857 522 1910 Pini
556 1858 754 1910 Strobi.

253 1927 375 1994 Fig.
411 1929 499 1981 5.·
566 1928 923 2000 Parencbyma
986 1928 1244 1981 transiens
1303 1926 1363 1980 in
1414 1928 1802 2001 prosenchyma
1859 1946 1921 1980 ex
1979 1924 2306 1997 cpida-mide

400 1998 659 2052 foliorum
698 1998 893 2052 Orcbis
937 1999 1207 2051 latifoliae.

250 2069 373 2137 Fig.
407 2069 457 2123 6.
528 2070 886 2142 Parenchyma
923 2090 951 2122 e
988 2070 1191 2122 cellulis
1227 2068 1545 2139 prismaticis
1583 2083 1635 2121 et
1670 2069 1857 2122 ductus
1892 2066 2305 2137 intercellulares

394 2140 454 2192 in
489 2154 755 2205 segmento
793 2141 1125 2194 transversali
1162 2141 1323 2193 caulis
1363 2140 1556 2193 Orchia
1594 2140 1863 2193 latifoliae.

252 2211 374 2273 rig.
412 2211 462 2262 7.
532 2211 951 2294 Prosencbyma
949 2232 1067 2263 cum
1092 2211 1297 2263 cellulis
1322 2210 1558 2275 globosis
1585 2230 1615 2263 e
1636 2209 1911 2276 tegmentis
1933 2208 2057 2260 Pini
2081 2206 2280 2260 Strobi-

255 2279 375 2342 Fig.
410 2278 460 2330 8.
531 2279 890 2360 Parenchyma
936 2281 993 2333 in
1037 2283 1424 2364 proseuchyma
1470 2281 1729 2334 transiens
1766 2301 1827 2334 ex
1863 2280 2192 2350 epidermide
2223 2281 2307 2333 fo-

396 2347 594 2399 liorum
632 2346 824 2400 Orchis
861 2350 1127 2403 latifoliae.

261 2419 382 2485 Fig.
420 2418 471 2472 9.
543 2419 935 2488 Prosenchyma
978 2421 1236 2472 transiens
1284 2422 1342 2471 in
1389 2443 1510 2474 vasa
1555 2425 1753 2477 fibrosa
1800 2403 1923 2476 cum
1958 2422 2165 2480 cellulis
2198 2423 2310 2490 glo-

400 2489 548 2543 bosis
587 2509 616 2540 e
653 2489 797 2552 ligno
838 2488 1095 2540 exteriore
1128 2489 1252 2540 Pini
1289 2490 1487 2542 strobi.

258 2560 376 2627 Fig.
417 2560 500 2612 10.
576 2559 812 2612 Cellulae
868 2557 1131 2629 ellipticae
1186 2573 1239 2609 ct
1282 2558 1415 2612 aliae
1462 2562 1682 2614 cellulae
1723 2563 1783 2616 in
1827 2564 2064 2618 seriebus
2102 2585 2133 2617 e
2165 2564 2314 2618 caule

403 2629 597 2683 Orchis
635 2628 903 2682 latifoliae.

1130 2793 1321 2868 Tab.
1369 2796 1438 2868 2.

193 3009 203 3014 -
257 2946 501 3013 Fig.11.
577 2948 818 3001 Cellulae
876 2911 1033 3017 {uam
1090 2945 1316 2999 maxime
1374 2946 1684 3012 irregulares
1746 2965 1776 2999 e
1833 2946 2008 3000 baccis
2076 2945 2316 3017 Iuniperi

262 3039 815 3152 Fig.c1⁰{nm¹(¹3¹‹²2¹1lulae
849 3086 1154 3153 globosae
1138 3108 1195 3140 ιιι
1230 3087 1468 3142 seriebus
1504 3053 1838 3159 simplicibus
1877 3107 1907 3141 e
1942 3088 2085 3154 ligno
2117 3043 2316 3142 borno,

401 3157 517 3210 tino
552 3159 674 3211 Pini
713 3159 911 3212 Strobi-

260 3228 817 3294 Fig.13.ce11ulae
885 3231 1135 3294 globosae
1189 3207 1408 3282 seriatae
1457 3249 1578 3284 cum
1624 3229 1759 3284 vasis
1807 3228 2021 3283 fibrosis
2059 3249 2087 3281 e
2123 3227 2320 3282 cortice
2413 3302 2417 3307 ι

402 3299 657 3352 interiore
692 3300 820 3372 Pyri
852 3300 1003 3353 Mali.

260 3369 378 3433 Fig.
416 3369 501 3422 14.
573 3371 963 3441 Prosenchyma
1000 3391 1029 3422 e
1066 3371 1261 3424 cortice
1298 3370 1554 3424 interiore
1589 3370 1712 3422 Pini
1750 3371 1951 3455 Strqbi.

260 3440 378 3504 Fig.
417 3440 500 3492 15.
570 3441 707 3493 Vasa
751 3442 947 3494 fibi-osa
992 3461 1176 3507 magna
1224 3462 1344 3494 cum
1387 3442 1465 3494 sic
1502 3441 1654 3494 dictis
1692 3442 1906 3512 perosis
1943 3456 1995 3494 et
2028 3440 2319 3512 pai-enchy-

405 3524 543 3562 mate
581 3530 608 3560 e
645 3511 787 3575 ligno
829 3512 1044 3563 Cosfeae
1082 3510 1353 3582 cujusdam
1389 3511 1732 3565 brasiliensis.

259 3578 378 3644 Fig.
416 3580 500 3632 16.
571 3582 707 3632 Vasa
742 3581 957 3649 spiralia
995 3603 1023 3632 e
1062 3584 1215 3635 caule
1253 3582 1400 3634 Cacti
1438 3583 1744 3651 serpentini.
2301 3625 2318 3642 2

261 3649 379 3715 Fig.
424 3650 501 3702 17.
574 3652 709 3702 Vasa
770 3651 984 3720 spiralia
1038 3673 1131 3704 seu
1187 3652 1570 3705 scalariformia
1608 3669 1676 3706 et
1732 3673 1930 3724 porosa
1979 3652 2058 3706 sic
2107 3651 2247 3741 dicta
2295 3671 2322 3702 e

408 3721 553 3772 caule
594 3721 740 3773 Cacti
779 3721 1087 3789 serpentini.
2227 3757 2230 3758 ν
2305 3751 2312 3778 ι

263 3790 380 3856 Fig.
419 3790 502 3843 18.
573 3792 708 3843 Vasa
747 3791 962 3862 spiralia
996 3806 1191 3844 mutata
1228 3793 1285 3844 in
1324 3793 1705 3846 scalarilormia
1742 3813 1771 3844 e
1809 3793 1984 3848 radice
2029 3791 2323 3846 Strelitziae

406 3862 651 3926 Reginae.
712 3862 764 3913 b.
825 3862 1070 3915 Tubulus
1125 3863 1335 3932 spiralis
1387 3864 1686 3933 bipartitus
1744 3884 1789 3916 c.
1844 3863 2046 3918 Tubuli
2100 3863 2322 3932 spirales

404 3932 634 3984 connati.
728 3933 813 3983 dd.
862 3932 1066 3984 Tubuli
1110 3933 1331 4001 spirales
1379 3934 1596 3999 integri,
1653 3935 1744 3986 sed
1793 3948 1989 4003 puncta
2034 3933 2324 3986 indicantia

403 4003 760 4068 continuanda
806 4016 930 4055 sunt
978 4023 1076 4072 per
1119 4003 1460 4060 interstitium
1499 4003 1719 4059 inferius
1769 4006 1837 4057 ad
1870 4004 2116 4058 tubulum
2140 4025 2320 4075 usque.

403 4092 477 4140 gg.
515 4064 801 4127 Interstitia
835 4075 1159 4128 tubulorum.
