2843 4800
461 342 563 415 38
1246 339 1729 415 PLANTA.

469 549 604 613 tes.
713 538 871 613 Pro
937 536 1156 613 vario
1221 560 1472 638 scopo
1535 533 1923 611 habemus
1970 537 2517 637 exphbatorzbs,

468 653 1049 729 conservator-ios
1099 665 1178 727 et
1214 652 1813 754 propagator-im,
1864 649 2004 750 qui
2051 650 2295 749 igitur
2343 674 2521 726 om·-

468 789 611 841 nes
659 765 759 840 ad
809 767 1491 849 conservationem
1540 778 1618 840 et
1665 764 1949 866 speciei
2002 777 2079 840 et
2122 757 2517 841 individui

471 879 952 957 conducunt.
1047 880 1318 956 Planta
1355 904 1540 955 non
1586 878 1857 954 solum
1889 880 2346 968 seminibuS‚
2380 866 2524 954 sed

474 1019 803 1096 quoque
852 995 1423 1097 propaginibus
1471 994 1555 1067 in
1603 1008 1894 1069 terram
1946 993 2324 1082 demissiS‚
2375 1016 2524 1068 nec

474 1133 644 1185 non
696 1110 1032 1208 gemmis
1080 1110 1164 1184 in
1213 1110 1381 1211 ipsa
1430 1107 1693 1209 planta
1747 1108 2080 1185 evolutis
2141 1131 2527 1210 propaga-⁶

471 1235 623 1299 tur.
725 1228 929 1299 Sunt
975 1248 1304 1326 quoque
1328 1223 1433 1313 xin
1469 1235 1646 1297 actu
1690 1223 2249 1324 propagatorio
2308 1237 2524 1298 actus

476 1339 616 1439 qui
679 1337 949 1438 ipsum
1015 1351 1280 1414 actum
1343 1336 1871 1436 generationis
1922 1350 1998 1412 et
2041 1332 2532 1437 praecedunt

478 1465 557 1529 et
602 1465 1065 1553 sequuntur.

655 1566 901 1643 Sicuti
931 1556 1145 1642 actus
1169 1564 1708 1664 generatorius
1738 1564 1827 1640 in
1852 1563 2325 1643 animalibus
2348 1560 2530 1639 uni-

476 1705 618 1757 cus
670 1693 785 1755 est
833 1680 1191 1783 quamvis
1238 1681 1582 1756 maxime
1630 1679 2141 1781 compositus
2184 1679 2292 1755 sic
2327 1700 2532 1780 quo-

479 1819 640 1897 que
686 1795 773 1869 in
823 1809 1000 1871 actu
1050 1796 1635 1872 conservatorio
1663 1794 2056 1871 animalia
2093 1818 2239 1895 per
2266 1816 2532 1869 unum

481 1933 575 1986 os
639 1909 1003 1986 alimenta
1068 1909 1480 1997 hauriunt,
1561 1908 2015 2007 vegetabilia
2086 1932 2233 2011 per
2301 1907 2532 2009 plura

481 2021 803 2100 crificia.
901 2021 1453 2098 Differentiam
1500 2023 1708 2125 inter
1757 2022 2119 2125 animalia
2172 2037 2250 2098 et
2307 2045 2534 2119 vege·

474 2138 742 2213 tabilia
802 2136 990 2213 hinc
1052 2138 1434 2239 quaesivit
1489 2138 1855 2214 Aitonius
1920 2137 2310 2235 (Tirocin.
2384 2137 2533 2213 bo·-

476 2264 631 2327 tan.
690 2250 975 2328 Edinh.
1040 2252 1320 2350 1783.)
1480 2255 1582 2329 At
1650 2253 2170 2330 Rhizostome
2244 2247 2536 2326 animal

480 2364 1036 2467 excipiendum
1098 2378 1227 2443 est.
1340 2366 1675 2444 Addidit
1744 2367 2011 2469 itaque
2057 2365 2537 2442 Blumenba·

480 2480 706 2557 chius
789 2480 1147 2578 (Handh.
1223 2478 1298 2560 d.
1370 2481 1879 2581 Naturgesch.
1945 2482 2006 2577 ἓ.
2072 2480 2225 2577 4.),
2299 2492 2538 2556 motu

476 2594 931 2673 voluntario
1018 2608 1098 2672 et
1168 2593 1272 2673 ad
1343 2620 1686 2697 scopum
1770 2594 2072 2672 directo
2155 2592 2536 2692 distingui

481 2708 864 2786 animalia.

674 2824 835 2918 Qui
886 2819 1241 2924 quidem
1248 2835 1526 2899 motus
1555 2822 2072 2901 voluntarius
2086 2837 2162 2898 et
2192 2823 2277 2896 in
2311 2820 2539 2897 loco-

477 2936 913 3013 motivitate
964 2936 1464 3029 animalium,
1518 2964 1762 3041 quam
1809 2952 2121 3022 vocant,
2171 2934 2538 3009 cernitur.

478 3054 699 3128 Hanc
731 3078 880 3153 pro
919 3053 1358 3129 charactere
1393 3051 1856 3129 animalium
1899 3046 2302 3123 venditant
2342 3052 2541 3124 Jun-

477 3165 652 3264 gius
704 3168 1036 3266 (Isagog.
1085 3168 1552 3269 phytoscop.
1602 3168 1662 3261 §-
1717 3164 1813 3259 1.)
1868 3175 1945 3238 et
1988 3161 2324 3261 Ludwig
2374 3163 2535 3260 (In-

478 3279 626 3354 stit.
676 3282 931 3407 Regni
979 3281 1324 3376 vegetab.
1373 3281 1435 3376 §.
1488 3280 1624 3374 7.).
1721 3280 1824 3354 At
1865 3277 2206 3354 Balanus
2258 3276 2539 3354 eadem

480 3415 744 3469 carere
815 3391 977 3490 jam
1050 3393 1449 3468 Linnaeus
1525 3405 1800 3468 auctor
1875 3407 1990 3470 est
2029 3390 2306 3490 (Phil.
2371 3392 2536 3466 bot.

475 3508 537 3606 ἓ.
602 3506 742 3604 3.).
898 3510 1369 3608 Utrumque
1437 3507 1966 3584 characterem
2045 3519 2124 3584 et
2184 3506 2401 3581 hunc
2464 3518 2541 3581 et

474 3617 1080 3723 praecedentem
1148 3622 1557 3697 combinat
1629 3621 1992 3698 Okenius
2063 3621 2387 3719 (Lehrb.
2463 3617 2536 3696 d.

476 3734 1431 3865 Naturphilosoph..1ena
1483 3739 1696 3812 1810.
1746 3741 1837 3812 Τ.
1884 3739 1953 3812 2.
2002 3762 2076 3836 p.
2115 3734 2274 3831 12.)
2340 3732 2539 3810 dum

479 3852 612 3939 ait,
678 3848 994 3926 defectu
1055 3850 1523 3928 irritamenti
1584 3853 1890 3928 moveri
1943 3847 2342 3935 animalia,
2392 3871 2539 3924 nec

476 3964 950 4063 vegetabilia.
1023 3969 1296 4042 Motus
1319 3965 1743 4043 voluntarii
1788 3980 1870 4040 et
1897 3963 2542 4041 locomotivitatis

479 4077 885 4178 analogon
929 4080 1017 4156 in
1060 4078 1355 4181 plantis
1397 4079 1751 4183 exempla
1787 4079 2170 4180 praebent
2197 4102 2374 4153 non
2412 4101 2540 4153 so*
2677 4093 2686 4104 ·
