2843 4800
510 318 651 393 194
1341 316 1726 392 FOLIA.

512 518 785 595 solent.
931 517 1157 614 Pyxis
1252 515 1448 593 haec
1540 514 2001 616 gemmifera
2085 515 2171 591 in
2279 517 2570 593 Muscis

510 631 901 734 Hepaticis
950 630 1392 709 luculenter
1442 633 1788 733 exposita
1838 645 1970 707 est.

702 747 1110 822 Aberratio
1178 744 1351 822 folii
1418 772 1460 822 a
1525 745 1786 823 forma
1852 745 2346 843 symmetrica
2419 744 2564 820 hac

378 935 387 954 ,
512 850 1096 962 compositione
1148 858 1503 937 efficitur.
1601 863 1805 937 Hinc
1855 862 1920 935 si
1973 861 2330 961 quinque
2377 857 2566 934 folia

406 1000 412 1005 ’
510 976 660 1051 sibi
713 974 1226 1060 accumbunt,
1280 974 1717 1050 alternatim
1768 974 1971 1050 latus
2024 974 2385 1050 dextrum
2433 988 2570 1049 aut

512 1090 917 1172 sinistrum
979 1088 1149 1163 basi
1209 1088 1527 1165 brevius
1577 1113 1758 1175 esse„
1794 1089 2027 1177 solet,
2095 1114 2350 1190 ,quam
2418 1113 2565 1190 pro

513 1204 820 1280 ratione
871 1200 1169 1300 figurae
1220 1200 1395 1276 fieri
1450 1202 1789 1279 deberet.

703 1316 1075 1393 Evolutio
1140 1316 1282 1392 ista
1345 1317 1622 1392 similis
1700 1331 1816 1394 est
1874 1315 2339 1394 formationi
2393 1341 2570 1390 cau-

513 1432 610 1511 lis
679 1445 757 1507 et
833 1456 1295 1507 ramorum..
1395 1434 1682 1508 Cortex
1757 1455 1943 1507 cum
2017 1431 2233 1530 ligno
2299 1454 2570 1505 versus

515 1547 893 1623 exteriora
957 1546 1471 1634 convertitur,
1537 1545 1891 1622 medulla
1951 1546 2036 1620 in
2102 1545 2377 1620 medio
2449 1546 2570 1623 in-

411 1753 415 1757 ,
516 1661 728 1736 clusa
800 1661 1087 1737 haeret.
1218 1659 1582 1737 Eandem
1656 1658 2006 1735 formam
2082 1674 2216 1735 aut
2278 1659 2575 1735 habent

513 1773 856 1877 petiolus
932 1788 1008 1850 et
1080 1763 1334 1862 nervi,
1405 1788 1542 1849 aut
1607 1773 1706 1849 ad
1758 1799 1932 1849 eam
1985 1771 2402 1860 accedunt,
2466 1773 2572 1848 ita

514 1904 607 1969 ut
653 1888 874 1965 idem
927 1888 1404 1964 evolutionis
1455 1887 1754 1963 modus
1804 1902 1924 1963 ter
1971 1898 2385 1988 repetatur.

379 2207 383 2211 -
517 2141 721 2229 115
848 2070 1703 2271 Metamorphosis
1767 2136 2249 2226 soliorum
2321 2167 2576 2228 non-

577 2278 836 2367 nisi
951 2277 1059 2366 in
1169 2282 1646 2368 evolutzone
1754 2291 1852 2368 et
1953 2283 2577 2397 explanatzone

578 2413 1116 2509 consistit.
2461 2428 2472 2444 ’

702 2587 926 2664 Folia
987 2588 1074 2662 in
1139 2589 1476 2686 g‘emmis
1541 2587 1880 2665 formata
1927 2587 2272 2693 ¹quidem
2342 2615 2575 2691 appa-

510 2717 717 2792 rent,
802 2701 943 2776 sed
1002 2702 1340 2778 minime
1411 2701 1690 2805 eadem
1758 2704 1989 2805 plane
2056 2705 2350 2802 figur&
2414 2730 2574 2804 qua

511 2832 784 2917 postea
838 2818 1459 2918 conspiciuntur.
1558 2818 1763 2900 Folii
1817 2818 2237 2919 compositi
2291 2830 2366 2890 et
2396 2825 2577 2916 par-

393 2969 397 2971 ⁷
510 2929 631 3005 titi
713 2929 986 3007 foliola
1071 2946 1410 3008 extrema
1498 2947 1606 3009 et.
1653 2932 2130 3033 partiti-onesx
2185 2941 2576 3007 extremae

509 3046 866 3146 primum
928 3047 1014 3120 in
1077 3060 1593 3147 conspectum
1664 3044 2101 3145 prodeunt,
2186 3056 2377 3117 tunc
2453 3068 2575 3121 se-

513 3174 873 3260 quantur
902 3154 1205 3261 reliqua
1255 3159 1529 3233 foliola
1584 3172 1660 3232 et
1705 3157 2056 3257 reliquae
2105 3156 2572 3258 partitiones

509 3294 770 3373 usque
819 3271 921 3347 ad
969 3273 1194 3347 basin
1241 3265 1551 3371 petioli,
1605 3270 1744 3371 qui
1794 3270 1963 3373 ipse
2012 3272 2262 3347 serius
2316 3295 2571 3347 emer-

512 3385 650 3482 git,
721 3411 995 3486 quam
1027 3385 1316 3459 lamina
1381 3396 1458 3458 et
1518 3384 1600 3458 in
1668 3383 1868 3462 folio
1922 3386 2278 3488 simplici.
2377 3389 2571 3459 Pos—

511 3495 686 3574 sent
745 3497 934 3575 folia
995 3498 1152 3573 hoc
1216 3498 1473 3574 modo
1528 3499 1839 3577 evoluta
1890 3527 2073 3578 vere
2126 3499 2572 3600 composita

514 3627 592 3688 et
636 3611 915 3713 partita
963 3611 1247 3687 vocari.

574 3743 582 3750 “
700 3719 1133 3803 Incisiones
1203 3750 1392 3828 vero
1468 3730 1930 3830 praesertim
2004 3727 2177 3803 folii
2254 3725 2570 3812 incisuh

511 3864 797 3916 omnes·
865 3837 1108 3915 simul
1190 3857 1635 3939 emergunt,
1714 3866 2206 3944 quamquam
2296 3840 2564 3942 primo

506 3967 714 4028 statu
759 3953 884 4029 vix
933 3954 1404 4056 conspicuae
1454 3956 1756 4042 sint,.et
1803 3971 1980 4031 tum
2030 3955 2352 4031 nonnisi
2395 3977 2562 4027 ver-

507 4066 782 4144 rucula
831 4075 1165 4146 notatae.
1262 4069 1476 4147 Haec
1523 4068 1714 4146 folia
1764 4070 2008 4146 incisa
2059 4067 2215 4144 dici
2253 4089 2563 4141 meren—
