2843 4800
531 353 680 429 mm
1268 331 1838 429 FRUCTUs

530 551 682 629 nisi
750 549 1125 627 Gramina
1187 549 1587 627 recedunt.
1702 552 1802 628 At
1833 557 2027 630 *non
2079 552 2184 628 ita
2236 551 2588 632 difficilis

530 680 648 743 est
711 663 1066 762 analogia
1124 665 1331 741 inter
1391 665 1691 739 horum
1752 666 2052 742 semina
2129 682 2205 744 et
2275 671 2587 749 Palma-

527 805 732 856 rum.
877 777 1277 855 Albumen
1373 791 1488 854 est
1565 776 1884 853 folium¹
1942 781 2586 878 cotyledoneum,

525 893 868 997 petiolus
916 891 1040 968 vix
1087 892 1334 981 ulluS,
1387 893 1611 967 sicuti
1666 917 1996 993 quoque
2043 896 2128 969 in
2183 900 2585 974 Gramini-

523 998 677 1084 bus
729 1006 1013 1083 adultis
1064 1004 1346 1094 deficit,
1395 1005 1670 1103 vagina
1717 1006 2180 1088 brevissima
2214 1014 2584 1088 crassius-

526 1122 698 1199 cula
764 1143 1103 1221 superne
1181 1119 1697 1221 appendicem
1774 1121 2135 1198 emittens
2208 1127 2579 1222 vaginan-

521 1252 686 1314 tem
737 1235 1300 1320 carnosulam„
1332 1257 1575 1335 quam
1629 1235 2103 1310 Gaertnerus
2153 1240 2576 1315 scutellum

524 1377 579 1426 S.
645 1348 1000 1425 vitellum
1064 1347 1384 1424 vocavit.
1500 1347 1803 1422 Poteris
1855 1370 2039 1423 cum
2087 1350 2328 1448 lig-ula
2382 1357 2575 1430 Gra-

518 1466 838 1541 minum
920 1485 1406 1562 comparare,
1491 1485 1694 1561 quae
1774 1461 1942 1561 ipsa
2016 1463 2571 1542 rudimentum

521 1579 718 1655 alius
765 1575 938 1651 folii
1005 1576 1331 1651 axillaris
1405 1574 1618 1650 sistit.
1730 1575 2207 1653 Exhauritur
2264 1580 2349 1654 in
2402 1605 2571 1679 ger·-

518 1692 958 1768 minatione
1033 1704 1110 1765 et
1167 1689 1369 1790 perit
1431 1690 1548 1765 uti
1614 1688 2009 1765 albumen.
2145 1695 2566 1770 Gemmula

515 1808 719 1882 intra
780 1803 1140 1903 vaginam
1204 1803 1613 1905 propriam
1675 1815 1985 1878 tantum
2034 1806 2369 1894 inclusa,
2422 1817 2566 1883 nec

515 1921 718 1998 intra
780 1918 1139 2015 vaginam
1204 1916 1653 2049 perembryi
1728 1941 2070 2018 superne
2149 1944 2240 1995 ex
2328 1919 2566 1999 hacce

514 2035 716 2111 intra
764 2031 1215 2129 vaginulam
1267 2031 1666 2105 emittitur.

710 2147 791 2221 Si
861 2144 1296 2246 quaeritur,
1374 2167 1768 2245 quaenam
1833 2144 1991 2221 sint
2056 2125 2565 2245 cotyledones

511 2261 597 2336 in
675 2256 1507 2354 MonocotyledoneiS,
1588 2258 2277 2359 respondendum,
2362 2260 2563 2360 ejus·

509 2371 737 2451 modi
790 2369 1298 2469 cotyledones
1346 2384 1439 2448 ut
1485 2369 1567 2446 in
1601 2372 2242 2470 Dicotyledoneis
2276 2376 2557 2455 nullibi

368 2504 376 2515 ‘
507 2486 862 2564 inveniri.
971 2488 1210 2561 Deest
1268 2483 1353 2560 in
1414 2486 2055 2584 Dicotyledoneis
2105 2492 2376 2589 vagina
2426 2516 2561 2593 pe-

506 2600 874 2698 rembryi,
921 2611 1015 2674 ut
1063 2623 1391 2700 quoque
1440 2601 1524 2674 in
1577 2599 1863 2675 adultis
1895 2603 2217 2701 vaginae
2252 2604 2557 2682 desunt.

506 2714 764 2814 'Hujus
812 2714 1007 2790 loco
1068 2712 1259 2791 solia
1322 2713 1867 2816 primordialia
1933 2719 2320 2796 crassiora
2387 2745 2557 2796 eva·-

509 2829 747 2918 dunt,
822 2826 1331 2926 cotyledones
1405 2824 1788 2917 formant,
1838 2842 1914 2904 et
1975 2833 2389 2929 negotium
2438 2832 2558 2932 ju-

503 2943 817 3018 niorem
868 2941 1217 3044 plantam
1269 2939 1528 3016 alendi
1580 2941 1729 3016 sibi
1782 2959 2129 3020 sumunt.

694 3058 1018 3158 Optime
1065 3055 1264 3132 vidit
1306 3054 1641 3131 Poiteau
1695 3054 2041 3133 radicem
2092 3059 2551 3190 primariam

498 3167 1461 3267 Monocotyledonearum
1549 3188 1863 3269 semper
1947 3173 2238 3273 perire,
2323 3174 2547 3272 cujus

498 3286 681 3361 loco
730 3284 997 3387 plures
1059 3282 1642 3357 subnascuntur
1700 3281 2113 3362 radiculae.
2211 3291 2306 3364 In
2356 3314 2548 3389 pau·-

499 3398 608 3475 cis
685 3396 1195 3474 Graminibus
1271 3416 1458 3470 cum
1531 3394 1797 3473 radice
1867 3400 2240 3505 primaria
2304 3402 2546 3478 simul
2649 3472 2650 3475 ,

496 3512 886 3590 oriuntur.

689 3630 902 3703 Bene
949 3624 1146 3701 vidit
1190 3621 1814 3701 Willdenowius
1876 3624 2203 3725 (Berlin.
2251 3622 2543 3727 Magaz.

496 3738 1014 3818 naturforsch.
1073 3736 1462 3816 Freunde.
1526 3743 1615 3818 T.
1663 3742 1730 3815 4.
1779 3767 1855 3843 p.
1902 3746 2018 3818 99.
2073 3742 2415 3836 Grundr.
2467 3741 2540 3819 d.

493 3853 1094 3932 Krauterkunde
1151 3880 1226 3955 p.
1287 3851 1501 3950 371.)
1568 3853 1942 3931 albumen
2008 3879 2175 3931 esse
2255 3856 2541 3954 cotyle-

495 3967 781 4057 dones»,
881 3992 1369 4071 quamquam
1466 3983 1923 4065 argumenta
2001 3992 2169 4044 non
2252 3971 2539 4070 proba-

490 4082 756 4160 verim.
852 4081 1382 4160 Felicissimus
1446 4082 1566 4158 vir-
1622 4084 1707 4161 in
1755 4082 2034 4160 habitu
2088 4083 2536 4183 plantarum
