2843 4800
973 300 1545 375 SYSTEMA.
2077 360 2088 381 „
2142 300 2284 373 431
2403 320 2408 331 ·

213 516 435 580 certe
483 499 674 577 folia
726 511 1048 576 mutata.
1162 496 1741 596 Acotyledones
1792 497 2284 600 adlprimam

214 598 626 722 pertinent
674 615 1024 721 classem,
1072 613 1842 710 Monocotyledones
1877 613 1976 688 ad
2011 638 2287 688 secun-

214 733 437 820 dam,
486 728 855 831 Apetalae
903 727 1171 829 plures
1223 725 1324 802 ad
1370 727 1703 815 tertiam,
1757 729 2286 829 Compositae,

219 848 650 932 Solaneae,
766 843 1269 929 Gentianeae,
1382 844 1991 939 Leguminosae,
2095 848 2288 920 Suc-

215 963 609 1047 culentae‘,
657 962 1057 1035 Rosaceae‘
1104 970 1180 1032 et
1229 955 1533 1031 adfines
1585 957 1685 1032 ad
1738 946 2117 1058 quintam,
2166 985 2288 1035 re-

215 1076 497 1177 liquae
573 1072 673 1149 ad
758 1085 1138 1172 quartam.
1265 1072 1711 1148 Divisiones
1764 1071 2285 1175 quadriparti-

214 1205 353 1265 tae
417 1202 637 1275 sunt,
707 1185 1151 1261 secundum
1219 1186 1641 1273 elementem
1702 1188 2038 1263 ternaria
2078 1187 2286 1263 dtviss-

219 1306 348 1380 s'io
417 1305 481 1379 si
543 1300 896 1376 mediam
959 1301 1043 1375 in
1107 1299 1572 1399 objectivam
1638 1315 1715 1376 et
1776 1299 2286 1400 subjectivam

223 1416 522 1494 dividis
574 1420 873 1514 (aerem
926 1430 1003 1490 et
1052 1417 1376 1517 aquam)
1427 1414 2064 1516 fit’quaternaria.
2121 1422 2287 1515 *Sy-

221 1547 483 1609 stema
544 1531 908 1607 Auctoris
959 1545 1395 1606 accuratam
1453 1530 2094 1607 distributionem
2152 1531 2287 1607 ad-

221 1645 501 1731 mittit,-
566 1668 753 1719 nam
778 1646 1052 1721 *rseries
1114 1646 1458 1747 partium
1521 1645 2070 1745 supradictae
2119 1669 2289 1744 gra-

225 1760 390 1835 dus
461 1759 759 1835 habent
827 1759 1273 1835 secundum
1346 1760 1596 1835 istum·
1652 1762 1932 1860 t'ypum
1999 1761 2289 1836 consfi-

222 1889 476 1961 tutoS,
532 1888 607 1949 at
653 1875 955 1951 Auctor
983 1872 1437 1948 rudimenta
1471 1887 1782 1949 tantum
1813 1876 2270 1974 proposuit*

425 1992 546 2064 De
615 1986 1081 2064 Candollius
1146 1987 1432 2062 seriem
1508 1986 1889 2064 ordinum
1974 2002 2290 2065 natura—

220 2107 432 2181 lium
502 2102 603 2179 de
668 2101 1294 2179 Ranunculaceis'
1358 2102 1651 2203 incipit.
1721 2104 1872 2180 ‘At
1959 2103 2045 2201 in
2120 2129 2289 2180 me-

225 2219 371 2295 dio
422 2217 588 2294 fere
636 2217 944 2317 po'situs
996 2230 1105 2291 est
1161 2214 1399 2305 ord0,
1461 2216 1763 2293 florum
1813 2216 2075 2294 forma
2123 2218 2290 2319 ple-

220 2356 580 2435 rumque
627 2331 997 2429 regulari,
1051 2345 1128 2405 et
1172 2332 1346 2431 ipso
1401 2332 2028 2434 pericarpiorum
2092 2335 2290 2411 orbe

221 2447 594 2547 regulari.
686 2449 787 2521 At
831 2444 1208 2542 regularis
1256 2445 1519 2520 forma
1570 2472 2103 2524 nonsumma
2157 2463 2291 2537 est,

220 2566 376 2641 sed
424 2560 789 2636 videmus
850 2560 1106 2659 ipsam
1160 2555 1259 2630 ad
1310 2557 1529 2644 aliaS,
1565 2583 1644 2632 e.
1697 2583 1763 2655 g.
1813 2561 2182 2637 labiatam
2231 2580 2290 2638 s.

220 2678 623 2755 labiosam
719 2672 1290 2775 (papilionacea
1377 2685 1493 2746 est
1571 2670 1868 2747 labiosa
1950 2678 2287 2774 mutata)

218 2792 576 2869 tendere.
740 2788 1143 2865 Labiatam
1230 2784 1330 2862 ad
1413 2784 1858 2882 regularem
1943 2787 2290 2879 tendere,

221 2909 352 2983 vix
420 2907 666 2993 dicaS,
732 2928 919 2979 cum
980 2900 1112 2975 illa
1155 2923 1207 2974 .a
1255 2899 1562 2997 vulgata
1615 2899 1959 2976 corollae
2007 2900 2291 2993 forma,

222 3036 511 3121 utpote
561 3045 603 3095 e
652 3017 867 3093 foliis
918 3014 1703 3115 compositae-magis
1756 3014 2274 3092 abhorreat-„-

433 3132 895 3226 Qualitates·
935 3154 1103 3205 sese
1185 3129 1483 3203 habent
1552 3128 1668 3203 uti
1743 3127 2114 3205 formae.»
2193 3135 2290 3209 In

227 3246 700 3323 universum
765 3246 1254 3321 conveniunt
1313 3268 1524 3318 cum·
1567 3240 1987 3320 ordinibus
2063 3261 2290 3324 natu-

228 3359 561 3443 ralibus3
612 3358 816 3433 inter
862 3360 1081 3459 ipsos
1131 3383 1319 3434 vero
1373 3372 1450 3432 et
1500 3355 1599 3432 ad
1653 3363 1968 3434 eorum'
2001 3360 2290 3439 limites

218 3470 704 3549 -reticulatim
753 3489 1150 3570 vagantur.
1939 3501 1940 3508 ¹
2008 3503 2015 3512 ·
2129 3505 2138 3514 .

222 3635 440 3768 219.
566 3641 969 3770 Syslema
1047 3593 1516 3756 artfflczfale
1587 3619 1739 3726 ⁸ad
1832 3593 2322 3770 natura-‘lje‘

340 3769 1017 3883 ,indicandum
1076 3775 1463 3895 optime
1532 3776 2033 3872 conducit.
2134 3875 2172 3883 ‚-

299 3974 302 3978 v
430 3937 783 4031 Systema
844 3929 1200 4008 naturale
1263 3911 1675 4027 systemate
1740 3928 2117 4007 artificiali
2170 3933 2289 4007 in-

235 4042 448 4142 diget
506 4046 730 4147 cujus
795 4070 950 4151 ope
995 4057 1537 4144 cognoscatur.
1634 4044 1838 4120 Hinc
1885 4046 2288 4125 Iussieuus
