2843 4800
2219 239 2241 278 2

552 325 700 399 236
1106 325 2039 405 INTEGUMENTA

743 523 838 596 In
885 521 1295 600 Malvaceis
1342 524 1482 625 pili
1534 524 1955 604 fasciculati
2006 553 2175 604 non
2225 546 2403 606 raro
2456 533 2603 609 ob-

553 651 990 724 servantur,
1055 652 1190 713 aut
1264 639 1516 727 erecti,
1570 656 1703 716 aut
1751 643 2201 744 saepissime
2249 657 2601 744 patentes

553 776 696 825 seu
786 749 1299 849 divergenteS‚
1386 754 1789 830 interdum
1867 782 2192 858 quoque
2278 760 2477 858 parti
2555 785 2601 835 e

555 888 708 965 qua
773 867 1287 964 proveniunt,
1355 869 1731 968 appressi‚
1797 884 1871 947 et
1932 870 2296 973 undique
2348 871 2600 948 diver-

554 992 838 1075 genteS.

740 1092 1160 1190 Ejusmodi
1223 1096 1362 1196 pili
1437 1096 1799 1197 undique
1873 1095 2390 1195 divergente5‚
2466 1126 2599 1200 ap-

547 1207 794 1308 pressi
859 1224 936 1284 et
994 1211 1080 1284 in
1141 1211 1690 1286 membranam
1767 1211 2080 1287 connati
2145 1214 2598 1312 squamulas

551 1322 883 1398 stellatas
947 1323 1332 1413 efficiunt,
1398 1350 1600 1428 quae
1662 1325 2022 1426 undique
2087 1325 2596 1403 cohaerentes

546 1452 851 1539 partem
925 1439 1385 1516 membrana
1452 1454 1806 1537 argentea
1875 1437 2274 1515 obducere
2323 1439 2599 1515 viden-

527 1560 696 1626 tur..
807 1553 1328 1628 Inveniuntur
1387 1554 1473 1628 in
1529 1554 1742 1631 Cisto
1796 1566 2259 1653 squamato‚-
2291 1554 2590 1631 Solano

551 1680 918 1763 argenteo
973 1681 1110 1751 etc.
2195 1666 2210 1696 '·

739 1781 923 1856 Pili,
959 1780 1378 1887 fasciculati
1456 1795 1533 1857 at
1603 1805 1772 1856 non
1831 1781 1935 1856 ita
2005 1795 2208 1858 arcte
2258 1782 2595 1870 connati,

546 1894 909 1995 undique
963 1896 1467 1995 divergenteS,
1519 1896 1754 1992 longe
1806 1896 2095 1971 extensi
2149 1910 2225 1970 et
2272 1895 2494 1996 parti,
2551 1920 2593 1972 e

549 2034 704 2110 qua
754 2011 1250 2110 proveniunt,
1328 2010 1671 2110 appressi
1759 2009 1845 2082 in
1926 2008 2359 2085 Pitcairniis
2440 2009 2594 2086 tela

550 2124 769 2223 quasi
821 2123 1172 2199 induunt
1218 2122 1430 2199 solia.

738 2237 884 2312 Pili
947 2237 1152 2325 bini,
1188 2234 1598 2339 oppositi,
1660 2235 1859 2336 parti
1932 2260 2179 2338 equa
2229 2235 2594 2338 proveni-

544 2364 711 2438 unt,
763 2351 1123 2454 appressi‚
1149 2354 1604 2455 fusfformes
1637 2364 2034 2440 vocantur,
2074 2351 2209 2453 qui
2259 2353 2591 2428 unicum

547 2468 768 2568 quasi
836 2468 1088 2567 pilum
1155 2465 1504 2541 formant
1565 2464 2069 2543 fusiformem
2114 2466 2423 2568 plantae
2469 2465 2592 2541 in-

405 2637 413 2646 ·
547 2582 1057 2657 cumbentem
1110 2580 1626 2679 (Malpighiae
1645 2580 1709 2678 ).ι

737 2695 883 2771 Pili
968 2694 1404 2770 fasciculati
1502 2695 1906 2771 interdum
1999 2694 2166 2769 basi
2272 2691 2587 2794 connati

545 2825 758 2898 sunt,
832 2809 1052 2887 unde
1131 2809 1424 2884 ramosi
1501 2810 1879 2895 videntur,
1942 2806 2342 2906 (Schrank
2404 2821 2454 2881 t.
2493 2811 2588 2882 -1.

510 2924 596 3001 f.
643 2925 805 3023 24.)
859 2924 1126 3028 quales
1173 2923 1259 2999 in
1307 2924 1537 3010 variis
1583 2922 1990 3001 Malvaceis
2043 2932 2487 2994 occurrunt.
2673 2933 2679 2940 ’

547 3160 750 3253 142.
888 3163 1157 3251 Nulla
1232 3172 1378 3249 est
1449 3188 1705 3274 pars,
1783 3181 2085 3272 quam
2167 3181 2384 3241 non
2444 3152 2587 3242 in-

664 3296 1072 3387 te'rdum
1149 3302 1555 3414 obtegunt
1631 3305 1728 3382 et
1793 3292 2202 3412 quidem
2263 3296 2597 3415 majori

547 3502 553 3507 -
663 3444 1078 3526 minorive
1120 3442 1393 3553 copia,
1439 3440 1740 3552 magis·
1761 3441 2206 3553 minusque
2245 3437 2524 3522 dense.

731 3608 937 3685 Hinc
995 3606 1184 3681 varii
1251 3605 1744 3684 definiuntur
1819 3606 2155 3682 termini.
2294 3602 2587 3680 Glabra
2681 3705 2684 3708 Ι

545 3740 658 3802 est
718 3748 929 3825 pam,
1000 3745 1202 3822 quae
1263 3720 1526 3796 nullos
1598 3722 1930 3797 omnino
1982 3720 2187 3821 pilos
2238 3719 2583 3804 sustinet,

543 3842 799 3927 laevis,
870 3861 1072 3939 quae
1134 3859 1461 3937 quoque
1528 3834 1792 3911 nullos
1863 3834 2239 3935 pilorum·
2290 3832 2582 3908 bulbos

545 3953 908 4031 ostendit.
1010 3950 1301 4028 Scabra
1350 3964 1709 4036 vocatur,
1758 3973 1959 4050 quae
2006 3947 2360 4048 pilorum
2406 3944 2583 4020 hul-

542 4069 667 4145 bis
732 4083 810 4145 et
858 4065 1189 4168 quidem
1235 4064 1685 4159 minoribus
1736 4062 2163 4159 obtegitur,
2219 4060 2398 4162 pilis
2452 4058 2583 4135 de.-
