2843 4800
1040 293 1495 410 muns.
2142 332 2288 405 143

447 531 692 607 Striae
755 528 1197 631 superficiei
1259 529 1631 607 oriuntur
1688 540 1823 603 aut
1871 551 1914 601 e
1962 525 2285 604 fascicu-

245 645 345 719 lis
407 643 724 719 fibrosis
771 645 920 719 sub
973 644 1256 719 cortice
1304 644 1557 732 tenui,
1617 656 1710 718 ut
1754 642 1839 714 in
1887 640 2280 737 Dicotyle-

250 756 571 845 doneiS‚
622 772 756 834 aut
803 783 847 834 e
896 757 1279 834 fasciculis
1330 757 1655 855 lignosis
1707 754 2062 855 (spiralia
2097 779 2285 829 con-

246 871 726 969 tinentibus)
791 885 884 946 ut
945 872 1028 947 in
1092 870 1904 967 MonocotyledoneiS.
2021 867 2285 943 Sulca-

247 998 377 1059 tus
429 986 668 1061 caulis
729 993 1052 1060 vocatur
1117 986 1222 1059 ob
1285 984 1504 1059 strias
1552 983 1777 1059 valde
1823 982 2284 1081 prominen-

247 1111 364 1173 tes
415 1112 494 1173 et
506 1099 1127 1200 approximatas.
1516 1161 1521 1167 .

447 1214 729 1290 Scabra
790 1209 1240 1313 superficies
1306 1210 1561 1286 oritur
1619 1236 1661 1286 a
1709 1187 2048 1288 verrucis
2097 1234 2284 1311 pro-

249 1324 734 1400 minentibus
809 1340 944 1402 aut
1022 1350 1066 1400 e
1145 1323 1405 1399 bulbis
1477 1324 1862 1425 pilorum,
1936 1326 2073 1427 qui
2132 1325 2324 1425 ipsi,

248 1462 617 1514 verrucae
663 1453 863 1515 sunt.
964 1439 1274 1513 Transit
1319 1437 1861 1534 magnitudine
1925 1459 2284 1515 verruca⁴

248 1574 434 1625 rum
481 1552 561 1626 in
602 1576 963 1653 -asperam
1017 1566 1094 1627 et
1142 1551 1590 1634 aculeatam.
1993 1617 1998 1622 ,

440 1665 585 1741 Pili
650 1663 1098 1767 frequentes
1164 1679 1349 1741 sunt
1410 1666 1496 1739 in
1559 1663 1970 1765 superficie
2037 1665 2280 1741 caulis

250 1777 501 1852 variae
549 1778 888 1874 formae,
939 1777 1038 1853 de
1089 1779 1376 1880 quihus
1424 1777 1626 1853 infra
1677 1778 1998 1854 dicetur.
2091 1780 2282 1855 Stri—

253 1913 393 1988 gae
455 1908 640 1970 sunt
704 1891 925 1993 quasi
985 1892 1125 1993 pili
1177 1908 1312 1969 aut
1357 1893 1650 1968 horum
1699 1890 1924 1967 bulbi
1973 1891 2056 1966 in
2104 1918 2280 1991 par
2299 1967 2302 1970 ,

252 2018 365 2080 tes
451 2004 812 2081 foliaceas
901 2007 1211 2094 excreti,
1303 2007 1423 2083 uti
1502 2005 1751 2083 aculei
1829 2003 2280 2081 frondulosi

249 2121 659 2196 Rosarum.

448 2205 889 2310 Glandulae
948 2233 1137 2310 varii
1187 2233 1491 2331 generis
1537 2232 1622 2306 in
1671 2230 2086 2332 superficie
2135 2232 2280 2307 oh-

250 2362 680 2436 servantur,
764 2371 963 2449 quae
1034 2348 1265 2449 plane
1339 2346 1641 2423 clausae
1711 2370 2079 2422 verrucae
2137 2371 2278 2421 vo-

250 2476 544 2539 cantur.
658 2461 1093 2538 Glandulae
1158 2476 1527 2537 cutaneae
1587 2484 2029 2561 numquam
2082 2457 2277 2535 defi-

248 2576 501 2661 ciunt,
547 2576 688 2651 ubi
737 2576 974 2652 caulis
1021 2574 1287 2650 viridis
1338 2588 1483 2663 est,
1541 2588 1877 2676 pereunt
1920 2575 2005 2649 in
2055 2572 2278 2649 adu]-

243 2688 350 2763 tis
394 2687 712 2788 plantiS,
756 2690 897 2765 ubi
945 2687 1212 2766 fuscus
1258 2687 1368 2763 fit.

246 3033 395 3124 93.
465 3033 863 3124 Directio
911 3034 1212 3126 caulis
1269 3061 1663 3121 sursum
1699 3029 2277 3132 crescendo,

371 3173 517 3261 uti
635 3172 997 3264 radicis
1123 3172 1596 3262 deorsum
1719 3168 2271 3261 crescendo

371 3313 1062 3426 vegetabilium
1130 3326 1547 3421 naturae
1619 3311 2031 3441 propria
2110 3323 2275 3412 est,

370 3447 639 3583 ne·
653 3467 1057 3543 externa
1140 3451 1575 3564 affecti03
1670 3451 1941 3543 varia
2028 3477 2271 3542 vero

371 3617 562 3705 pro
626 3592 896 3680 varia
957 3591 1309 3710 specie.

440 3815 560 3888 De
648 3813 1077 3890 directione
1143 3812 1378 3888 caulis
1443 3839 1675 3915 supra
1752 3814 2274 3889 horizontem.

246 3925 476 4001 sicuti
528 3925 628 4001 de
682 3926 1110 4004 directione
1158 3926 1440 4003 radicis
1488 3928 1688 4004 infra
1738 3928 2001 4028 ipsum
2050 3923 2274 3999 valde

248 4036 739 4139 disputatum
806 4054 922 4117 est
980 4041 1184 4116 inter
1243 4041 1452 4116 viros
1518 4041 1814 4117 doctos,
1925 4037 2078 4115 Alii
2127 4037 2276 4112 hu·-
