<?xml version="1.0" encoding="UTF-8"?>
<!DOCTYPE html PUBLIC "-//W3C//DTD XHTML 1.0 Transitional//EN"
    "http://www.w3.org/TR/xhtml1/DTD/xhtml1-transitional.dtd">
<html xmlns="http://www.w3.org/1999/xhtml" xml:lang="en" lang="en">
 <head>
  <title>
</title>
<meta http-equiv="Content-Type" content="text/html;charset=utf-8" />
  <meta name='ocr-system' content='tesseract 3.04.00' />
  <meta name='ocr-capabilities' content='ocr_page ocr_carea ocr_par ocr_line ocrx_word'/>
</head>
<body>
  <div class='ocr_page' id='page_1' title='image "./elementaphiloso01linkgoog_0016.png"; bbox 0 0 2843 4800; ppageno 0'>
   <div class='ocr_carea' id='block_1_1' title="bbox 430 301 2023 459">
    <p class='ocr_par' dir='ltr' id='par_1_1' title="bbox 430 301 2023 459">
     <span class='ocr_line' id='line_1_1' title="bbox 430 301 2023 459; baseline -0.001 -45"><span class='ocrx_word' id='word_1_1' title='bbox 430 341 483 414; x_wconf 82' lang='lat' dir='ltr'><strong>s</strong></span> <span class='ocrx_word' id='word_1_2' title='bbox 541 418 555 427; x_wconf 15' lang='grc' dir='ltr'>δ</span> <span class='ocrx_word' id='word_1_3' title='bbox 1012 338 1918 459; x_wconf 68' lang='grc' dir='ltr'>ΙΝΤ.Βο.])υοΤ.-Ιο..</span> <span class='ocrx_word' id='word_1_4' title='bbox 2019 301 2023 304; x_wconf 73' lang='grc'><strong>’</strong></span> 
     </span>
    </p>
   </div>
   <div class='ocr_carea' id='block_1_2' title="bbox 386 536 2480 1667">
    <p class='ocr_par' dir='ltr' id='par_1_2' title="bbox 437 536 2478 1179">
     <span class='ocr_line' id='line_1_2' title="bbox 624 536 2473 639; baseline 0.002 -26"><span class='ocrx_word' id='word_1_5' title='bbox 624 536 1000 639; x_wconf 88' lang='lat' dir='ltr'><strong>Exempla</strong></span> <span class='ocrx_word' id='word_1_6' title='bbox 1085 550 1164 613; x_wconf 88' lang='lat' dir='ltr'><strong>et</strong></span> <span class='ocrx_word' id='word_1_7' title='bbox 1230 536 1503 612; x_wconf 90' lang='lat' dir='ltr'><strong>icones</strong></span> <span class='ocrx_word' id='word_1_8' title='bbox 1580 562 1916 639; x_wconf 89' lang='lat' dir='ltr'><strong>corpora</strong></span> <span class='ocrx_word' id='word_1_9' title='bbox 1988 536 2292 636; x_wconf 85' lang='lat' dir='ltr'><strong>singula</strong></span> <span class='ocrx_word' id='word_1_10' title='bbox 2373 538 2473 615; x_wconf 86' lang='lat' dir='ltr'><strong>si-</strong></span> 
     </span>
     <span class='ocr_line' id='line_1_3' title="bbox 440 649 2478 754; baseline 0.002 -30"><span class='ocrx_word' id='word_1_11' title='bbox 440 662 672 738; x_wconf 88' lang='lat' dir='ltr'><strong>stunt,</strong></span> <span class='ocrx_word' id='word_1_12' title='bbox 720 651 850 727; x_wconf 91' lang='lat' dir='ltr'><strong>illa</strong></span> <span class='ocrx_word' id='word_1_13' title='bbox 898 649 1372 736; x_wconf 78' lang='lat' dir='ltr'><strong>immediate,</strong></span> <span class='ocrx_word' id='word_1_14' title='bbox 1413 650 1588 729; x_wconf 22' lang='lat' dir='ltr'><strong>,haef</strong></span> <span class='ocrx_word' id='word_1_15' title='bbox 1624 650 1985 726; x_wconf 88' lang='lat' dir='ltr'><strong>mediate.</strong></span> <span class='ocrx_word' id='word_1_16' title='bbox 2059 652 2478 754; x_wconf 84' lang='lat' dir='ltr'><strong>Exemplar</strong></span> 
     </span>
     <span class='ocr_line' id='line_1_4' title="bbox 437 763 2475 867; baseline 0.001 -28"><span class='ocrx_word' id='word_1_17' title='bbox 437 763 635 839; x_wconf 88' lang='lat' dir='ltr'><strong>sistit</strong></span> <span class='ocrx_word' id='word_1_18' title='bbox 683 789 989 866; x_wconf 90' lang='lat' dir='ltr'><strong>corpus,</strong></span> <span class='ocrx_word' id='word_1_19' title='bbox 1041 777 1428 865; x_wconf 87' lang='lat' dir='ltr'><strong>quantum</strong></span> <span class='ocrx_word' id='word_1_20' title='bbox 1479 765 1856 865; x_wconf 89' lang='lat' dir='ltr'><strong>omnibus</strong></span> <span class='ocrx_word' id='word_1_21' title='bbox 1904 766 2261 849; x_wconf 82' lang='lat' dir='ltr'><strong>sensibus</strong></span> <span class='ocrx_word' id='word_1_22' title='bbox 2300 791 2475 867; x_wconf 86' lang='lat' dir='ltr'><strong>per-</strong></span> 
     </span>
     <span class='ocr_line' id='line_1_5' title="bbox 441 876 2473 978; baseline 0.003 -30"><span class='ocrx_word' id='word_1_23' title='bbox 441 876 593 976; x_wconf 90' lang='lat' dir='ltr'><strong>cipi</strong></span> <span class='ocrx_word' id='word_1_24' title='bbox 644 891 969 978; x_wconf 51' lang='lat' dir='ltr'><strong>¹potest,</strong></span> <span class='ocrx_word' id='word_1_25' title='bbox 1074 877 1289 964; x_wconf 93' lang='lat' dir='ltr'><strong>icon,</strong></span> <span class='ocrx_word' id='word_1_26' title='bbox 1402 892 1789 978; x_wconf 86' lang='lat' dir='ltr'><strong>quantum</strong></span> <span class='ocrx_word' id='word_1_27' title='bbox 1884 879 2060 954; x_wconf 88' lang='lat' dir='ltr'><strong>visu</strong></span> <span class='ocrx_word' id='word_1_28' title='bbox 2145 884 2473 955; x_wconf 87' lang='lat' dir='ltr'><strong>tantum.</strong></span> 
     </span>
     <span class='ocr_line' id='line_1_6' title="bbox 437 988 2476 1091; baseline 0.002 -27"><span class='ocrx_word' id='word_1_29' title='bbox 437 991 924 1091; x_wconf 87' lang='lat' dir='ltr'><strong>Exemplaria</strong></span> <span class='ocrx_word' id='word_1_30' title='bbox 984 988 1070 1063; x_wconf 93' lang='lat' dir='ltr'><strong>in</strong></span> <span class='ocrx_word' id='word_1_31' title='bbox 1131 989 1428 1065; x_wconf 88' lang='lat' dir='ltr'><strong>museis</strong></span> <span class='ocrx_word' id='word_1_32' title='bbox 1493 1004 2008 1080; x_wconf 82' lang='lat' dir='ltr'><strong>asservantur,</strong></span> <span class='ocrx_word' id='word_1_33' title='bbox 2071 991 2341 1068; x_wconf 91' lang='lat' dir='ltr'><strong>icones</strong></span> <span class='ocrx_word' id='word_1_34' title='bbox 2390 993 2476 1070; x_wconf 91' lang='lat' dir='ltr'><strong>in</strong></span> 
     </span>
     <span class='ocr_line' id='line_1_7' title="bbox 440 1100 1455 1179; baseline 0 -3"><span class='ocrx_word' id='word_1_35' title='bbox 440 1100 675 1178; x_wconf 57' lang='lat' dir='ltr'><strong>libris&gt;</strong></span> <span class='ocrx_word' id='word_1_36' title='bbox 712 1116 848 1179; x_wconf 90' lang='lat' dir='ltr'><strong>aut</strong></span> <span class='ocrx_word' id='word_1_37' title='bbox 894 1102 1130 1177; x_wconf 87' lang='lat' dir='ltr'><strong>simili</strong></span> <span class='ocrx_word' id='word_1_38' title='bbox 1177 1101 1455 1177; x_wconf 92' lang='lat' dir='ltr'><strong>modo.</strong></span> 
     </span>
    </p>

    <p class='ocr_par' dir='ltr' id='par_1_3' title="bbox 386 1215 2480 1667">
     <span class='ocr_line' id='line_1_8' title="bbox 568 1215 2476 1317; baseline 0.002 -24"><span class='ocrx_word' id='word_1_39' title='bbox 568 1308 571 1311; x_wconf 24' lang='lat'>‚</span> <span class='ocrx_word' id='word_1_40' title='bbox 625 1217 976 1293; x_wconf 86' lang='lat' dir='ltr'><strong>Nomine</strong></span> <span class='ocrx_word' id='word_1_41' title='bbox 1027 1216 1321 1317; x_wconf 88' lang='lat' dir='ltr'><strong>species</strong></span> <span class='ocrx_word' id='word_1_42' title='bbox 1372 1229 1450 1291; x_wconf 92' lang='lat' dir='ltr'><strong>et</strong></span> <span class='ocrx_word' id='word_1_43' title='bbox 1497 1240 1777 1313; x_wconf 87' lang='lat' dir='ltr'><strong>genera</strong></span> <span class='ocrx_word' id='word_1_44' title='bbox 1827 1215 2293 1311; x_wconf 85' lang='lat' dir='ltr'><strong>indicantur,</strong></span> <span class='ocrx_word' id='word_1_45' title='bbox 2328 1244 2476 1301; x_wconf 91' lang='lat' dir='ltr'><strong>nec</strong></span> 
     </span>
     <span class='ocr_line' id='line_1_9' title="bbox 436 1325 2478 1430; baseline 0.004 -30"><span class='ocrx_word' id='word_1_46' title='bbox 436 1325 869 1406; x_wconf 86' lang='lat' dir='ltr'><strong>individua.</strong></span> <span class='ocrx_word' id='word_1_47' title='bbox 940 1328 1216 1424; x_wconf 86' lang='lat' dir='ltr'><strong>-Quod</strong></span> <span class='ocrx_word' id='word_1_48' title='bbox 1265 1329 1595 1430; x_wconf 89' lang='lat' dir='ltr'><strong>quidem</strong></span> <span class='ocrx_word' id='word_1_49' title='bbox 1646 1354 1688 1406; x_wconf 91' lang='lat' dir='ltr'><strong>e</strong></span> <span class='ocrx_word' id='word_1_50' title='bbox 1721 1330 2171 1429; x_wconf 86' lang='lat' dir='ltr'><strong>linguarum</strong></span> <span class='ocrx_word' id='word_1_51' title='bbox 2201 1330 2478 1409; x_wconf 91' lang='lat' dir='ltr'><strong>indole</strong></span> 
     </span>
     <span class='ocr_line' id='line_1_10' title="bbox 439 1443 2480 1546; baseline 0.003 -29"><span class='ocrx_word' id='word_1_52' title='bbox 439 1445 968 1540; x_wconf 82' lang='lat' dir='ltr'><strong>cognoscitur,</strong></span> <span class='ocrx_word' id='word_1_53' title='bbox 1035 1444 1121 1517; x_wconf 92' lang='lat' dir='ltr'><strong>in</strong></span> <span class='ocrx_word' id='word_1_54' title='bbox 1173 1443 1462 1544; x_wconf 89' lang='lat' dir='ltr'><strong>quibus</strong></span> <span class='ocrx_word' id='word_1_55' title='bbox 1511 1443 1838 1519; x_wconf 81' lang='lat' dir='ltr'><strong>nomina</strong></span> <span class='ocrx_word' id='word_1_56' title='bbox 1898 1445 2217 1546; x_wconf 89' lang='lat' dir='ltr'><strong>propria</strong></span> <span class='ocrx_word' id='word_1_57' title='bbox 2276 1471 2480 1523; x_wconf 88' lang='lat' dir='ltr'><strong>sem-</strong></span> 
     </span>
     <span class='ocr_line' id='line_1_11' title="bbox 386 1557 2151 1667; baseline 0.003 -37"><span class='ocrx_word' id='word_1_58' title='bbox 386 1616 389 1619; x_wconf 52' lang='grc'>,</span> <span class='ocrx_word' id='word_1_59' title='bbox 439 1580 584 1656; x_wconf 84' lang='lat' dir='ltr'><strong>per</strong></span> <span class='ocrx_word' id='word_1_60' title='bbox 633 1582 675 1632; x_wconf 99' lang='lat' dir='ltr'><strong>e</strong></span> <span class='ocrx_word' id='word_1_61' title='bbox 725 1557 1190 1667; x_wconf 88' lang='lat' dir='ltr'><strong>nominibus</strong></span> <span class='ocrx_word' id='word_1_62' title='bbox 1214 1571 1219 1576; x_wconf 83' lang='grc'><em>’</em></span> <span class='ocrx_word' id='word_1_63' title='bbox 1241 1557 1714 1658; x_wconf 84' lang='lat' dir='ltr'><strong>appellativis</strong></span> <span class='ocrx_word' id='word_1_64' title='bbox 1766 1557 2151 1636; x_wconf 90' lang='lat' dir='ltr'><strong>oriuntur.</strong></span> 
     </span>
    </p>
   </div>
   <div class='ocr_carea' id='block_1_3' title="bbox 637 1669 2602 1770">
    <p class='ocr_par' dir='ltr' id='par_1_4' title="bbox 637 1669 2602 1770">
     <span class='ocr_line' id='line_1_12' title="bbox 637 1669 2602 1770; baseline 0.003 -24"><span class='ocrx_word' id='word_1_65' title='bbox 637 1669 1086 1768; x_wconf 88' lang='lat' dir='ltr'><strong>Symbolica</strong></span> <span class='ocrx_word' id='word_1_66' title='bbox 1161 1694 1595 1770; x_wconf 91' lang='lat' dir='ltr'><strong>corporum</strong></span> <span class='ocrx_word' id='word_1_67' title='bbox 1667 1670 2191 1749; x_wconf 87' lang='lat' dir='ltr'><strong>consideratio</strong></span> <span class='ocrx_word' id='word_1_68' title='bbox 2265 1699 2480 1752; x_wconf 92' lang='lat' dir='ltr'><strong>nu-nc</strong></span> <span class='ocrx_word' id='word_1_69' title='bbox 2597 1736 2602 1741; x_wconf 77' lang='grc'><strong>.</strong></span> 
     </span>
    </p>
   </div>
   <div class='ocr_carea' id='block_1_4' title="bbox 438 1781 2481 2114">
    <p class='ocr_par' dir='ltr' id='par_1_5' title="bbox 438 1781 2481 2114">
     <span class='ocr_line' id='line_1_13' title="bbox 438 1781 2481 1884; baseline 0.004 -28"><span class='ocrx_word' id='word_1_70' title='bbox 438 1781 803 1860; x_wconf 86' lang='lat' dir='ltr'><strong>inusitata</strong></span> <span class='ocrx_word' id='word_1_71' title='bbox 855 1797 985 1860; x_wconf 85' lang='lat' dir='ltr'><strong>est.</strong></span> <span class='ocrx_word' id='word_1_72' title='bbox 1083 1788 1417 1860; x_wconf 91' lang='lat' dir='ltr'><strong>Possent</strong></span> <span class='ocrx_word' id='word_1_73' title='bbox 1462 1797 1726 1859; x_wconf 90' lang='lat' dir='ltr'><strong>tamen</strong></span> <span class='ocrx_word' id='word_1_74' title='bbox 1778 1808 2111 1884; x_wconf 90' lang='lat' dir='ltr'><strong>corpora</strong></span> <span class='ocrx_word' id='word_1_75' title='bbox 2171 1802 2481 1864; x_wconf 90' lang='lat' dir='ltr'><strong>nat-ura-</strong></span> 
     </span>
     <span class='ocr_line' id='line_1_14' title="bbox 441 1894 2481 2028; baseline 0.003 -58"><span class='ocrx_word' id='word_1_76' title='bbox 441 1894 545 1972; x_wconf 91' lang='lat' dir='ltr'><strong>lia</strong></span> <span class='ocrx_word' id='word_1_77' title='bbox 620 1897 1134 1985; x_wconf 87' lang='lat' dir='ltr'><strong>considerari,</strong></span> <span class='ocrx_word' id='word_1_78' title='bbox 1207 1911 1300 1973; x_wconf 93' lang='lat' dir='ltr'><strong>ut</strong></span> <span class='ocrx_word' id='word_1_79' title='bbox 1371 1897 1807 2028; x_wconf 84' lang='lat' dir='ltr'><strong>composita</strong></span> <span class='ocrx_word' id='word_1_80' title='bbox 1883 1921 1926 1972; x_wconf 89' lang='lat' dir='ltr'><strong>e</strong></span> <span class='ocrx_word' id='word_1_81' title='bbox 1995 1899 2223 1975; x_wconf 81' lang='lat' dir='ltr'><strong>variis</strong></span> <span class='ocrx_word' id='word_1_82' title='bbox 2293 1927 2481 2002; x_wconf 90' lang='lat' dir='ltr'><strong>pro-</strong></span> 
     </span>
     <span class='ocr_line' id='line_1_15' title="bbox 439 2010 2479 2114; baseline 0.003 -30"><span class='ocrx_word' id='word_1_83' title='bbox 439 2010 930 2110; x_wconf 68' lang='lat' dir='ltr'><strong>prietatib&#39;US,</strong></span> <span class='ocrx_word' id='word_1_84' title='bbox 1009 2024 1335 2113; x_wconf 84' lang='lat' dir='ltr'><strong>possent</strong></span> <span class='ocrx_word' id='word_1_85' title='bbox 1406 2010 1597 2087; x_wconf 83' lang='lat' dir='ltr'><strong>varii</strong></span> <span class='ocrx_word' id='word_1_86' title='bbox 1669 2012 2238 2114; x_wconf 82' lang='lat' dir='ltr'><strong>proprietatum</strong></span> <span class='ocrx_word' id='word_1_87' title='bbox 2310 2036 2479 2109; x_wconf 86' lang='lat' dir='ltr'><strong>gra-</strong></span> 
     </span>
    </p>
   </div>
   <div class='ocr_carea' id='block_1_5' title="bbox 446 2121 2495 2224">
    <p class='ocr_par' dir='ltr' id='par_1_6' title="bbox 446 2121 2495 2224">
     <span class='ocr_line' id='line_1_16' title="bbox 446 2121 2495 2224; baseline 0.003 -27"><span class='ocrx_word' id='word_1_88' title='bbox 446 2121 596 2198; x_wconf 91' lang='lat' dir='ltr'><strong>dus</strong></span> <span class='ocrx_word' id='word_1_89' title='bbox 643 2124 915 2199; x_wconf 90' lang='lat' dir='ltr'><strong>litteris</strong></span> <span class='ocrx_word' id='word_1_90' title='bbox 966 2138 1102 2201; x_wconf 89' lang='lat' dir='ltr'><strong>aut</strong></span> <span class='ocrx_word' id='word_1_91' title='bbox 1165 2124 1330 2200; x_wconf 89' lang='lat' dir='ltr'><strong>aliis</strong></span> <span class='ocrx_word' id='word_1_92' title='bbox 1395 2125 1634 2224; x_wconf 83' lang='lat' dir='ltr'><strong>signis</strong></span> <span class='ocrx_word' id='word_1_93' title='bbox 1713 2124 2128 2223; x_wconf 85' lang='lat' dir='ltr'><strong>designari,</strong></span> <span class='ocrx_word' id='word_1_94' title='bbox 2195 2141 2271 2201; x_wconf 89' lang='lat' dir='ltr'><strong>et</strong></span> <span class='ocrx_word' id='word_1_95' title='bbox 2327 2127 2495 2204; x_wconf 65' lang='lat' dir='ltr'><strong>ho·</strong></span> 
     </span>
    </p>
   </div>
   <div class='ocr_carea' id='block_1_6' title="bbox 439 2237 2479 2429">
    <p class='ocr_par' dir='ltr' id='par_1_7' title="bbox 439 2237 2479 2429">
     <span class='ocr_line' id='line_1_17' title="bbox 439 2237 2479 2340; baseline 0.002 -28"><span class='ocrx_word' id='word_1_96' title='bbox 439 2252 628 2312; x_wconf 86' lang='lat' dir='ltr'><strong>rum</strong></span> <span class='ocrx_word' id='word_1_97' title='bbox 711 2238 1124 2336; x_wconf 84' lang='lat' dir='ltr'><strong>signorum</strong></span> <span class='ocrx_word' id='word_1_98' title='bbox 1221 2237 1429 2315; x_wconf 84' lang='lat' dir='ltr'><strong>varia</strong></span> <span class='ocrx_word' id='word_1_99' title='bbox 1522 2238 2110 2314; x_wconf 89' lang='lat' dir='ltr'><strong>combinatione</strong></span> <span class='ocrx_word' id='word_1_100' title='bbox 2191 2262 2479 2340; x_wconf 90' lang='lat' dir='ltr'><strong>corpus</strong></span> 
     </span>
     <span class='ocr_line' id='line_1_18' title="bbox 441 2350 1240 2429; baseline 0.007 -5"><span class='ocrx_word' id='word_1_101' title='bbox 441 2350 794 2429; x_wconf 83' lang='lat' dir='ltr'><strong>naturale</strong></span> <span class='ocrx_word' id='word_1_102' title='bbox 843 2351 1240 2429; x_wconf 87' lang='lat' dir='ltr'><strong>exhiberi.</strong></span> 
     </span>
    </p>
   </div>
   <div class='ocr_carea' id='block_1_7' title="bbox 443 2550 2482 3091">
    <p class='ocr_par' dir='ltr' id='par_1_8' title="bbox 443 2550 2482 3091">
     <span class='ocr_line' id='line_1_19' title="bbox 443 2550 2478 2656; baseline 0.002 -15"><span class='ocrx_word' id='word_1_103' title='bbox 443 2552 523 2641; x_wconf 79' lang='lat'><strong>8.</strong></span> <span class='ocrx_word' id='word_1_104' title='bbox 645 2550 911 2646; x_wconf 85' lang='lat' dir='ltr'><strong>Nota</strong></span> <span class='ocrx_word' id='word_1_105' title='bbox 974 2568 1144 2647; x_wconf 85' lang='lat' dir='ltr'><strong>aut</strong></span> <span class='ocrx_word' id='word_1_106' title='bbox 1201 2588 1450 2645; x_wconf 84' lang='lat' dir='ltr'><strong>zcone</strong></span> <span class='ocrx_word' id='word_1_107' title='bbox 1507 2554 2029 2656; x_wconf 85' lang='lat' dir='ltr'><strong>indicatur,</strong></span> <span class='ocrx_word' id='word_1_108' title='bbox 2092 2566 2262 2644; x_wconf 85' lang='lat' dir='ltr'><strong>aut</strong></span> <span class='ocrx_word' id='word_1_109' title='bbox 2310 2573 2478 2645; x_wconf 84' lang='lat' dir='ltr'><strong>ter-</strong></span> 
     </span>
     <span class='ocr_line' id='line_1_20' title="bbox 508 2693 2482 2814; baseline 0.001 -33.055"><span class='ocrx_word' id='word_1_110' title='bbox 508 2700 827 2797; x_wconf 75' lang='lat' dir='ltr'><strong>mina,</strong></span> <span class='ocrx_word' id='word_1_111' title='bbox 910 2710 1079 2786; x_wconf 83' lang='lat' dir='ltr'><strong>aut</strong></span> <span class='ocrx_word' id='word_1_112' title='bbox 1149 2700 1756 2814; x_wconf 31' lang='lat' dir='ltr'><strong>descrzptssone</strong></span> <span class='ocrx_word' id='word_1_113' title='bbox 1868 2694 1950 2783; x_wconf 91' lang='lat' dir='ltr'><strong>E</strong></span> <span class='ocrx_word' id='word_1_114' title='bbox 2031 2696 2296 2784; x_wconf 85' lang='lat' dir='ltr'><strong>notis</strong></span> <span class='ocrx_word' id='word_1_115' title='bbox 2368 2693 2482 2783; x_wconf 84' lang='lat' dir='ltr'><strong>fit</strong></span> 
     </span>
     <span class='ocr_line' id='line_1_21' title="bbox 561 2833 2481 2952; baseline 0.001 -32"><span class='ocrx_word' id='word_1_116' title='bbox 561 2833 867 2921; x_wconf 86' lang='lat' dir='ltr'><strong>totius</strong></span> <span class='ocrx_word' id='word_1_117' title='bbox 969 2835 1429 2952; x_wconf 88' lang='lat' dir='ltr'><strong>corporis</strong></span> <span class='ocrx_word' id='word_1_118' title='bbox 1516 2847 1685 2926; x_wconf 86' lang='lat' dir='ltr'><strong>aut</strong></span> <span class='ocrx_word' id='word_1_119' title='bbox 1752 2838 2244 2952; x_wconf 58' lang='lat' dir='ltr'><strong>descrzptz‘m</strong></span> <span class='ocrx_word' id='word_1_120' title='bbox 2311 2844 2481 2923; x_wconf 87' lang='lat' dir='ltr'><strong>aut</strong></span> 
     </span>
     <span class='ocr_line' id='line_1_22' title="bbox 563 2975 1824 3091; baseline 0.001 -29"><span class='ocrx_word' id='word_1_121' title='bbox 563 2975 1041 3091; x_wconf 65' lang='lat' dir='ltr'><strong>diagnoszk,</strong></span> <span class='ocrx_word' id='word_1_122' title='bbox 1105 2985 1275 3064; x_wconf 76' lang='lat' dir='ltr'><strong>aut</strong></span> <span class='ocrx_word' id='word_1_123' title='bbox 1337 2979 1824 3067; x_wconf 75' lang='lat' dir='ltr'><strong>character.</strong></span> 
     </span>
    </p>
   </div>
   <div class='ocr_carea' id='block_1_8' title="bbox 543 3141 2479 3242">
    <p class='ocr_par' dir='ltr' id='par_1_9' title="bbox 543 3141 2479 3242">
     <span class='ocr_line' id='line_1_23' title="bbox 543 3141 2479 3242; baseline 0.001 -24"><span class='ocrx_word' id='word_1_124' title='bbox 543 3173 547 3182; x_wconf 94' lang='lat'><em>·</em></span> <span class='ocrx_word' id='word_1_125' title='bbox 635 3144 1060 3221; x_wconf 90' lang='lat' dir='ltr'><strong>Terminus</strong></span> <span class='ocrx_word' id='word_1_126' title='bbox 1113 3143 1579 3220; x_wconf 90' lang='lat' dir='ltr'><strong>definitione</strong></span> <span class='ocrx_word' id='word_1_127' title='bbox 1630 3142 2070 3242; x_wconf 87' lang='lat' dir='ltr'><strong>explicatur,</strong></span> <span class='ocrx_word' id='word_1_128' title='bbox 2116 3141 2352 3217; x_wconf 89' lang='lat' dir='ltr'><strong>icone</strong></span> <span class='ocrx_word' id='word_1_129' title='bbox 2402 3156 2479 3219; x_wconf 91' lang='lat' dir='ltr'><strong>et</strong></span> 
     </span>
    </p>
   </div>
   <div class='ocr_carea' id='block_1_9' title="bbox 444 3253 2514 3356">
    <p class='ocr_par' dir='ltr' id='par_1_10' title="bbox 444 3253 2514 3356">
     <span class='ocr_line' id='line_1_24' title="bbox 444 3253 2514 3356; baseline 0.001 -26"><span class='ocrx_word' id='word_1_130' title='bbox 444 3253 804 3356; x_wconf 71' lang='lat' dir='ltr'><strong>ex&#39;er&#39;nplo</strong></span> <span class='ocrx_word' id='word_1_131' title='bbox 885 3258 1332 3332; x_wconf 90' lang='lat' dir='ltr'><strong>illu-stratur.</strong></span> <span class='ocrx_word' id='word_1_132' title='bbox 1465 3259 1671 3332; x_wconf 89' lang='lat' dir='ltr'><strong>Cum</strong></span> <span class='ocrx_word' id='word_1_133' title='bbox 1744 3255 2129 3339; x_wconf 87' lang='lat' dir='ltr'><strong>terminus</strong></span> <span class='ocrx_word' id='word_1_134' title='bbox 2202 3272 2514 3332; x_wconf 65' lang='lat' dir='ltr'><strong>notamv</strong></span> 
     </span>
    </p>
   </div>
   <div class='ocr_carea' id='block_1_10' title="bbox 439 3368 2483 4154">
    <p class='ocr_par' dir='ltr' id='par_1_11' title="bbox 439 3368 2479 3698">
     <span class='ocr_line' id='line_1_25' title="bbox 439 3368 2477 3458; baseline 0.001 -16"><span class='ocrx_word' id='word_1_135' title='bbox 439 3368 767 3456; x_wconf 86' lang='lat' dir='ltr'><strong>indicet,</strong></span> <span class='ocrx_word' id='word_1_136' title='bbox 838 3381 1018 3444; x_wconf 78' lang='lat' dir='ltr'><strong>‘non</strong></span> <span class='ocrx_word' id='word_1_137' title='bbox 1099 3369 1341 3445; x_wconf 90' lang='lat' dir='ltr'><strong>unico</strong></span> <span class='ocrx_word' id='word_1_138' title='bbox 1415 3383 1723 3446; x_wconf 90' lang='lat' dir='ltr'><strong>tantum</strong></span> <span class='ocrx_word' id='word_1_139' title='bbox 1796 3368 2252 3458; x_wconf 84' lang='lat' dir='ltr'><strong>individuo,</strong></span> <span class='ocrx_word' id='word_1_140' title='bbox 2337 3370 2477 3445; x_wconf 92' lang='lat' dir='ltr'><strong>sed</strong></span> 
     </span>
     <span class='ocr_line' id='line_1_26' title="bbox 440 3477 2479 3585; baseline 0 -29"><span class='ocrx_word' id='word_1_141' title='bbox 440 3477 805 3584; x_wconf 91' lang='lat' dir='ltr'><strong>pluribus</strong></span> <span class='ocrx_word' id='word_1_142' title='bbox 856 3506 1392 3571; x_wconf 91' lang='lat' dir='ltr'><strong>communem,</strong></span> <span class='ocrx_word' id='word_1_143' title='bbox 1441 3497 1604 3559; x_wconf 91' lang='lat' dir='ltr'><strong>tam</strong></span> <span class='ocrx_word' id='word_1_144' title='bbox 1650 3483 1883 3559; x_wconf 89' lang='lat' dir='ltr'><strong>icone</strong></span> <span class='ocrx_word' id='word_1_145' title='bbox 1933 3509 2174 3585; x_wconf 90' lang='lat' dir='ltr'><strong>quam</strong></span> <span class='ocrx_word' id='word_1_146' title='bbox 2201 3507 2479 3564; x_wconf 22' lang='lat' dir='ltr'><strong>,exem-</strong></span> 
     </span>
     <span class='ocr_line' id='line_1_27' title="bbox 442 3596 1728 3698; baseline 0.003 -29"><span class='ocrx_word' id='word_1_147' title='bbox 442 3596 581 3698; x_wconf 88' lang='lat' dir='ltr'><strong>plo</strong></span> <span class='ocrx_word' id='word_1_148' title='bbox 635 3610 988 3672; x_wconf 89' lang='lat' dir='ltr'><strong>accurate</strong></span> <span class='ocrx_word' id='word_1_149' title='bbox 1039 3596 1384 3673; x_wconf 86' lang='lat' dir='ltr'><strong>exhiberi</strong></span> <span class='ocrx_word' id='word_1_150' title='bbox 1433 3598 1728 3697; x_wconf 88' lang='lat' dir='ltr'><strong>nequit.</strong></span> 
     </span>
    </p>

    <p class='ocr_par' dir='ltr' id='par_1_12' title="bbox 444 3707 2483 4154">
     <span class='ocr_line' id='line_1_28' title="bbox 637 3707 2480 3812; baseline -0.002 -25"><span class='ocrx_word' id='word_1_151' title='bbox 637 3710 1062 3787; x_wconf 88' lang='lat' dir='ltr'><strong>Terminos</strong></span> <span class='ocrx_word' id='word_1_152' title='bbox 1145 3712 1594 3812; x_wconf 82' lang='lat' dir='ltr'><strong>compositos</strong></span> <span class='ocrx_word' id='word_1_153' title='bbox 1686 3735 2091 3799; x_wconf 81' lang='lat' dir='ltr'><strong>vocamuS,</strong></span> <span class='ocrx_word' id='word_1_154' title='bbox 2176 3707 2313 3811; x_wconf 80' lang='lat' dir='ltr'><strong>qui</strong></span> <span class='ocrx_word' id='word_1_155' title='bbox 2393 3708 2480 3783; x_wconf 91' lang='lat' dir='ltr'><strong>in</strong></span> 
     </span>
     <span class='ocr_line' id='line_1_29' title="bbox 447 3813 2479 3927; baseline -0.001 -28"><span class='ocrx_word' id='word_1_156' title='bbox 447 3813 641 3900; x_wconf 83' lang='lat' dir='ltr'><strong>alios¹</strong></span> <span class='ocrx_word' id='word_1_157' title='bbox 680 3823 999 3899; x_wconf 80' lang='lat' dir='ltr'><strong>resolvi</strong></span> <span class='ocrx_word' id='word_1_158' title='bbox 1072 3837 1408 3927; x_wconf 89' lang='lat' dir='ltr'><strong>possunt</strong></span> <span class='ocrx_word' id='word_1_159' title='bbox 1477 3826 1857 3900; x_wconf 87' lang='lat' dir='ltr'><strong>terminos</strong></span> <span class='ocrx_word' id='word_1_160' title='bbox 1916 3823 2295 3926; x_wconf 76' lang='lat' dir='ltr'><strong>simplices.</strong></span> <span class='ocrx_word' id='word_1_161' title='bbox 2397 3823 2479 3898; x_wconf 91' lang='lat' dir='ltr'><strong>Si</strong></span> 
     </span>
     <span class='ocr_line' id='line_1_30' title="bbox 445 3935 2482 4038; baseline -0 -27"><span class='ocrx_word' id='word_1_162' title='bbox 445 3938 712 4038; x_wconf 63' lang='lat' dir='ltr'><strong>copia¹</strong></span> <span class='ocrx_word' id='word_1_163' title='bbox 765 3952 1138 4015; x_wconf 88' lang='lat' dir='ltr'><strong>notarum</strong></span> <span class='ocrx_word' id='word_1_164' title='bbox 1228 3937 1376 4013; x_wconf 89' lang='lat' dir='ltr'><strong>sub</strong></span> <span class='ocrx_word' id='word_1_165' title='bbox 1464 3939 1805 4014; x_wconf 90' lang='lat' dir='ltr'><strong>termino</strong></span> <span class='ocrx_word' id='word_1_166' title='bbox 1889 3935 2482 4037; x_wconf 86' lang='lat' dir='ltr'><strong>complexarum</strong></span> 
     </span>
     <span class='ocr_line' id='line_1_31' title="bbox 444 4049 2483 4154; baseline -0.002 -26"><span class='ocrx_word' id='word_1_167' title='bbox 444 4062 655 4128; x_wconf 82' lang='lat' dir='ltr'><strong>tanta</strong></span> <span class='ocrx_word' id='word_1_168' title='bbox 731 4051 883 4140; x_wconf 77' lang='lat' dir='ltr'><strong>est,</strong></span> <span class='ocrx_word' id='word_1_169' title='bbox 947 4066 1042 4130; x_wconf 89' lang='lat' dir='ltr'><strong>ut</strong></span> <span class='ocrx_word' id='word_1_170' title='bbox 1101 4051 1487 4130; x_wconf 85' lang='lat' dir='ltr'><strong>recenseri</strong></span> <span class='ocrx_word' id='word_1_171' title='bbox 1561 4063 1989 4154; x_wconf 86' lang='lat' dir='ltr'><strong>nequeant,</strong></span> <span class='ocrx_word' id='word_1_172' title='bbox 2025 4049 2483 4127; x_wconf 81' lang='lat' dir='ltr'><strong>terminum</strong></span> 
     </span>
    </p>
   </div>
  </div>
 </body>
</html>
