2843 4800
1098 338 1487 414 RAmx.
2173 344 2326 453 1²³³·

471 535 682 610 Cum
731 530 970 609 caulis
1016 533 1374 609 increscit
1420 535 1651 610 etiam
1685 533 1920 619 radix,
1952 534 2310 609 increscit

268 661 352 720 et
400 647 567 722 vice
617 671 861 732 versa,
915 647 1381 747 experientia
1431 661 1640 723 teste.
1751 651 1849 724 At
1890 646 2139 722 modo
2192 646 2303 721 di-

264 783 502 833 verso
569 772 645 833 et
707 758 1034 859 quidem
1101 760 1468 860 opposito
1542 760 2013 847 increscunt,
2086 758 2302 834 unde

261 872 768 971 polaritatem
814 871 1057 947 radici
1107 875 1452 949 tribuere
1499 873 1810 975 poteris,

264 1067 269 1072 ⁴
463 985 769 1059 Plantas
820 1010 1113 1072 cacare,
1163 988 1396 1083 guttis
1449 1011 1537 1061 ex
1601 987 1946 1086 apicibus
1998 983 2296 1059 emissis

257 1100 706 1193 Brugmans
784 1113 1059 1173 auctor
1122 1114 1233 1174 est
1298 1099 1660 1197 (Coulon
1724 1100 1918 1172 Diss,
1985 1098 2081 1172 de
2145 1100 2296 1171 Lo-

259 1211 399 1285 lio.
475 1208 735 1306 Ultraj.
786 1216 995 1287 1785.
1013 1211 1065 1307 ).
1167 1214 1457 1288 Contra
1505 1213 1720 1288 hunc
1755 1223 2050 1312 pugnat
2081 1207 2290 1284 Hed-

259 1322 545 1420 wigius
595 1323 722 1419 (A.
776 1349 839 1397 v.
882 1324 1333 1401 Humboldt
1358 1326 1801 1424 Aphorism.
1836 1352 1895 1400 a.
1933 1323 2004 1398 d.
2042 1323 2288 1397 chem.

256 1434 602 1531 Physiol.
666 1435 737 1509 d.
800 1435 1167 1513 Pssanzen
1231 1466 1304 1539 p.
1372 1440 1601 1535 184).
1703 1442 1904 1513 Sane
1956 1436 2285 1512 excretio

256 1550 636 1623 morbosa
698 1548 1023 1625 videtur.
1141 1552 1483 1627 Granula
1557 1551 1803 1626 sabuli
1869 1549 2287 1624 adhaerere

255 1661 583 1736 ramulis
648 1675 723 1736 et
780 1661 1084 1737 fibrillis
1141 1663 1423 1738 radicis
1483 1689 1649 1739 non
1698 1661 2029 1747 mirum,
2099 1687 2280 1736 cum

257 1772 708 1873 superficies
779 1775 1223 1875 plantarum
1284 1777 1389 1852 ob
1463 1765 1892 1853 humorem
1959 1772 2277 1849 exsuda-

251 1901 430 1963 tum
476 1907 654 1963 raro
709 1888 904 1962 sicca
955 1889 1071 1962 sit.

445 2000 774 2077 Radices
806 2002 1267 2102 transpirare
1301 2017 1624 2079 testatur
1654 1999 2039 2102 collapsus
2065 2013 2276 2099 post-

249 2138 495 2214 quam
567 2138 656 2189 ex
727 2113 981 2190 humo
1058 2130 1400 2192 exemtae
1470 2116 1779 2192 fuerint.
1908 2116 2028 2189 An
2087 2129 2273 2186 vero

247 2228 401 2302 sub
448 2242 650 2303 terra
697 2227 782 2303 id
832 2226 998 2316 fiat,
1048 2229 1415 2308 nondum
1468 2228 1971 2330 disquisitum
2022 2238 2150 2300 est.
