2843 4800
976 362 1859 443 INTRODUCTIO.
2387 365 2440 439 9

392 565 887 644 habitualem
938 564 1264 643 dixerim
1289 622 1310 665 ρ
1362 576 1440 640 et
1484 561 1847 639 habitum
1896 559 2135 637 simili
2181 558 2434 639 modo

397 680 918 778 definiverim.
1036 748 1043 753 .
1414 754 1415 757 ,

592 794 953 871 Termini
1024 793 1195 892 vagi
1272 804 1486 879 sunt,
1560 790 1696 892 qui
1771 803 1997 866 notas
2070 789 2454 881 indicant,-

397 920 608 1010 quae
655 907 1183 985 intenduntur
1212 905 1627 1006 variosque
1659 902 1947 1003 gradus
1997 904 2438 994 admittunt,

398 1019 857 1120 cujusmodi
905 1034 1092 1097 sunt
1138 1034 1374 1095 notae
1423 1044 1466 1095 e
1514 1017 2089 1116 magnitudine,
2150 1020 2450 1107 colore,.

398 1135 662 1213 odore
725 1150 863 1213 etc.
969 1136 1071 1212 Hi
1132 1132 1445 1209 termini
1509 1131 1771 1208 addita
1835 1157 2028 1208 voce
2087 1132 2229 1209 sub
2277 1133 2441 1210 sor-

394 1235 754 1338 mantur‚
828 1274 891 1325 e.
941 1272 1009 1347 g.
1052 1245 1636 1334 -subrotunduS,
1702 1260 1837 1322 aut
1879 1247 2175 1322 minori
2226 1248 2439 1322 simi-

398 1362 761 1439 litudinis
809 1362 1091 1459 gradu,
1139 1359 1689 1437 terminatione
1738 1359 1821 1434 in
1875 1364 2202 1449 uscquS,
2255 1385 2317 1436 e.
2367 1385 2435 1461 g.

397 1476 1076 1564 rotundiusculus‚
1103 1499 1249 1551 nec
1281 1499 1450 1550 non
1483 1473 2034 1551 terminatione
2056 1474 2142 1549 in
2171 1503 2438 1565 ‚escen-5,

403 1591 1072 1691 quae-transitum
1119 1588 1444 1673 indicat,
1496 1610 1558 1662 e.
1608 1609 1676 1684 g.
1724 1588 2255 1683 gracilescens,
2306 1602 2442 1665 aut

405 1704 989 1804 compositione
1038 1702 1393 1778 duorum
1441 1701 1890 1788 verborum,
1943 1727 2003 1778 e.
2053 1724 2119 1799 g.
2170 1716 2439 1779 ovato-

396 1817 967 1905 lanceolatum,
1017 1828 1152 1892 aut
1197 1814 1297 1890 ad
1347 1838 1718 1890 normam
1749 1814 2136 1910 vulgatam
2171 1817 2438 1892 animo

398 1945 872 2032 conceptam
949 1929 1287 2007 refertur
1368 1929 1792 2016 termium,
1885 1951 1947 2004 e.
2011 1949 2079 2026 g.
2151 1927 2442 2029 longis-

396 2045 723 2120 simum.

596 2158 1144 2259 Descriptione
1205 2175 1577 2236 notarum
1640 2159 1977 2248 utimur,
2060 2182 2246 2235 cum
2295 2183 2442 2236 no-

394 2286 530 2348 tae
579 2270 991 2371 cujusdam
1042 2273 1359 2369 genesin
1436 2272 1938 2374 explicamus,
2012 2296 2197 2349 cum
2262 2298 2443 2350 ean-

400 2385 597 2462 dem
673 2384 1101 2462 dividimus
1172 2386 1258 2462 in
1329 2386 1594 2488 plures
1659 2385 2204 2488 simplicioreS,
2256 2415 2442 2465 cum

400 2499 762 2598 ejusdem
824 2501 1241 2576 relationes
1300 2500 1777 2589 indicamus,
1850 2526 2034 2576 cum
2085 2499 2441 2598 ejusdem

408 2613 866 2709 dignitatem
912 2638 1429 2692 recensemus,
1523 2614 1960 2716 Descriptio
1993 2616 2235 2692 totius
2269 2641 2440 2694 cor-

403 2726 636 2828 poris
708 2726 1141 2803 secundum
1197 2728 1703 2805 individuum
1771 2729 2246 2808 instituenda
2304 2747 2436 2822 est,

405 2865 518 2916 ne
580 2837 1079 2917 confusiones
1139 2843 1226 2917 in
1279 2843 1841 2919 detrimentum
1890 2844 2251 2920 scientiae
2302 2871 2437 2923 au-

400 2967 754 3052 geantur.
849 2956 961 3029 Ex
1006 2955 1153 3031 hac
1205 2980 1389 3031 vero
1443 2955 1836 3053 diagnosis
1883 2957 2304 3046 formatur,
2352 2961 2437 3034 in

405 3093 565 3168 qua
640 3091 920 3143 omnes
992 3083 1229 3144 notae
1302 3069 1808 3155 omittuntur,
1877 3093 2079 3169 quae
2157 3071 2439 3145 indivi-

407 3182 667 3256 duum
713 3205 859 3258 nec
909 3182 1251 3282 speciem
1297 3181 1670 3259 indicant.
1766 3185 1858 3255 In
1906 3183 2054 3258 hac
2102 3208 2186 3259 re
2234 3184 2438 3283 Phy-

406 3296 803 3395 siographi
885 3296 1334 3398 saepissime
1408 3321 1698 3373 errasse
1770 3297 1970 3373 mihi
2052 3297 2436 3376 videntur.

399 3413 504 3486 In
592 3408 1024 3484 charactere
1111 3409 1432 3487 tandem
1508 3436 1794 3513 corpus
1872 3412 1970 3487 ab
2043 3411 2439 3492 adfinibus

397 3535 714 3599 tantum
764 3521 1285 3622 distinguitur.

398 3680 484 3769 9.
613 3675 1332 3768 Terminorum
1396 3680 1827 3794 cognitio
1912 3683 2437 3772 Ter-minolo-

527 3821 702 3935 δία»
742 3845 866 3906 vo
876 3830 1178 3907 catur.

594 3971 969 4047 Botanica
1019 3972 1335 4048 scientia
1380 3973 1702 4075 reliquis
1754 3973 2129 4050 omnibus
2192 3975 2436 4051 scien-

382 4082 525 4162 tiis
588 4091 869 4160 'rerum
942 4085 1417 4165 naturalium
1487 4088 1832 4192 palmam
1879 4086 2307 4189 praeripuit
2352 4091 2437 4166 in

2519 678 2540 712 C
