2843 4800
1053 328 1494 406 FORMA.
2206 328 2308 411 6³

236 529 623 609 videmus.
735 524 1073 609 Redime
1128 524 1218 604 in
1278 534 1734 605 monstrosa
1795 522 2061 605 forma
2119 523 2301 605 faci-

126 663 137 673 ‘
236 650 392 727 lius
442 645 572 736 fit.
619 646 869 748 quam
918 662 1357 745 processus.

427 757 889 841 Mutatione·
935 766 1195 859 partes
1252 755 1341 833 in
1402 749 1588 832 alias
1638 749 1994 853 ejusdem
2044 755 2299 854 regio·

230 875 359 953 nis
407 875 725 952 abeunt.
822 870 952 948 Sic
1000 869 1275 973 spinae
1322 868 1537 946 fiunt
1581 891 1674 945 ex
1720 868 1963 947 ramis
2010 870 2095 949 in
2129 877 2297 950 Me·-

228 989 486 1092 spilis,
570 985 966 1087 variisque
1043 983 1214 1060 aliis
1277 982 1692 1080 affinibus,
1755 1013 1800 1067 e
1845 986 2162 1092 petiolis
2209 985 2296 1063 in

227 1100 803 1204 Tragacantha‚
853 1121 899 1175 e
944 1095 1160 1177 foliis
1204 1097 1394 1200 ipsis
1442 1103 1529 1179 in
1573 1103 2024 1193 Berheride,
2074 1126 2119 1180 e
2161 1100 2295 1179 sti-
2369 1121 2377 1130 ·

223 1217 443 1321 pulis
472 1218 563 1293 in
602 1212 954 1309 Robinia
986 1212 1616 1307 Pseud-Acacia,
1645 1216 2057 1296 interdum
2090 1241 2295 1319 quo⁴

226 1355 393 1436 que
440 1329 619 1433 pili,
669 1330 983 1427 strigae,
1035 1350 1411 1429 squamae
1460 1332 1547 1409 in
1595 1332 1860 1434 spinas
1909 1317 2222 1409 abeunt.

430 1444 778 1546 stipulae
838 1462 1010 1523 non
1071 1466 1251 1521 raro
1311 1444 1432 1521 in'
1474 1443 1665 1523 solia
1738 1459 2155 1525 mutantur
2196 1458 2294 1523 ut

218 1558 321 1637 in
400 1559 759 1648 StellatiS,
833 1558 1068 1660 saepe
1140 1581 1472 1660 quoque
1534 1558 1780 1663 pilos,
1853 1558 2287 1660 glandulas.

218 1698 595 1751 verrucas
639 1670 1014 1748 referunt.

429 1787 660 1886 Calyx
720 1784 810 1861 in
870 1782 1081 1886 pilos
1144 1781 1309 1863 abit
1361 1784 1452 1862 in
1513 1784 2033 1887 Compositis,
2093 1813 2283 1888 pap-

216 1927 588 2006 pumque
633 1899 953 1978 format.

376 2021 585 2095 Hae
632 2013 1119 2094 mutationes
1164 2012 1289 2090 vix
1336 2037 1510 2092 non
1555 2034 1874 2116 semper
1920 2025 2283 2091 constan-

215 2145 340 2211 tes
385 2145 606 2220 sunt,
654 2154 807 2206 nec
848 2127 1257 2205 variantes.

415 2245 797 2323 Corollae*
849 2241 1104 2344 petala
1167 2241 1359 2321 folia
1424 2241 1666 2332 fiunt,
1713 2266 1863 2321 nec
1911 2266 2081 2322 non
2130 2257 2279 2322 sta-

210 2358 436 2438 mina
483 2384 631 2464 per
672 2357 929 2462 petala
976 2355 1062 2432 in
1111 2354 1302 2437 folia
1349 2371 1779 2437 transeunt.

411 2479 776 2551 Bracoeae
823 2469 1231 2549 interdum
1265 2473 1349 2549 in
1381 2472 1575 2549 folia
1608 2488 2039 2558 mutantur.
2144 2477 2273 2553 Sic

212 2588 580 2689 gramina
654 2587 861 2664 fiunt
898 2587 1268 2689 .vivipara
1342 2588 1456 2664 sic
1523 2587 1725 2666 dicta
1750 2649 1771 2679 ,
1828 2591 2274 2670 mutatione

209 2703 714 2803 glumam,
784 2725 986 2805 qnae
1066 2700 1182 2777 nil
1252 2701 1404 2777 nisi
1468 2702 1826 2781 bracteae
1885 2719 2103 2794 sunt,
2185 2706 2271 2782 in

205 2843 400 2895 vera
449 2815 661 2892 folia.

406 2935 815 3033 Frequens
861 2944 981 3007 est
1026 2953 1542 3031 squamarum
1591 2931 1884 3007 amenti
1933 2931 2018 3007 in
2077 2928 2268 3007 folia

204 3047 580 3135 mutatio,
629 3044 852 3121 unde
897 3066 1129 3120 rosae
1175 3042 1369 3118 istae
1416 3041 1779 3120 salicinae
1829 3041 2219 3122 oriuntur.

407 3164 574 3237 Hae
642 3158 1125 3235 mutationes
1181 3155 1661 3259 plerumque
1734 3156 2268 3238 inconstantes

203 3287 437 3364 sunt,
487 3289 563 3352 et
604 3274 985 3351 uberiore
1030 3271 1527 3352 nutrimento
1575 3268 2158 3373 producuntur.

199 3510 331 3603 40
449 3507 906 3622 Partium
980 3519 1082 3598 et
1159 3505 1406 3597 hinc
1468 3506 2043 3625 plantarum
2101 3538 2259 3600 va-

324 3650 622 3741 riatio
650 3649 793 3738 'in
833 3667 1296 3768 augmento
1356 3647 1458 3737 et
1515 3643 2098 3749 dehuffzutioness
2147 3649 2258 3736 in

318 3794 1057 3910 multiplicatione
1097 3800 1197 3877 et
1258 3788 1605 3914 defectu
1633 3889 1638 3892 ,
1662 3786 2010 3905 posita'
2055 3771 2248 3877 est.-

381 3968 577 4042 Non
643 3960 917 4039 solum
979 3959 1299 4061 quaevis
1360 3959 1693 4061 species,
1743 3949 1891 4034 sed*
1937 3957 2253 4059 quodli-

189 4076 323 4158 bet
366 4099 712 4184 quoque
759 4099 1012 4177 genus
1059 4071 1434 4163 naturale,
1471 4071 1886 4159 interdum
1921 4096 2251 4175 quoque
