2843 4800
900 288 1044 387 ΥΕ
1067 285 1633 385 emur-o-
2139 292 2281 383 ιιι

243 490 604 590 ejusdem
652 482 1331 589 prolishybridae
1379 484 1877 579 fecundetur,
1938 513 2085 565 nec
2133 493 2282 568 nisi

238 603 808 683 secundatione
858 625 1058 681 ,cum
1123 600 1379 702 specie
1441 615 1760 700 paterna
1812 615 1887 676 et
1932 618 2285 693 materna

237 719 587 796 fertilem
659 715 856 793 fieri.
974 714 1248 791 Proles
1328 713 1661 810 hybrida
1741 731 1904 807 tam
2000 723 2285 854 speciei

238 849 631 936 paternae,
684 854 945 932 quam
973 842 1389 919 maternae
1419 830 1700 921 similis
1727 845 1877 920 est,
1926 838 2287 934 quamvis

152 1004 159 1013 -
240 973 414 1025 non
500 960 756 1023 exacte
827 943 1180 1023 mediam
1240 958 1629 1043 monstret
1699 946 2094 1039 formam,-
2135 974 2287 1039 ‚nee

241 1062 328 1155 in
380 1060 890 1147 animalibuS,
940 1057 1165 1133 mulo
1221 1071 1297 1134 et
1341 1059 1596 1136 hinno
1648 1062 2161 1149 testibus,

438 1180 624 1255 Non
729 1170 1015 1249 dubito
1117 1173 1582 1253 anomaljas
1627 1174 1714 1249 in
1789 1177 2289 1272 generatione

244 1287 809 1387 vegetabilium
871 1310 1070 1379 esse,
1104 1300 1255 1363 ut
1287 1285 1415 1360 in
1404 1250 1987 1382 animalibus
2005 1295 2290 1381 ‚Partes

247 1404 543 1481 adsunt
598 1402 687 1476 in
755 1400 1219 1491 animalium
1266 1425 1536 1499 regno,
1585 1403 1744 1488 fini
1780 1403 1906 1489 cui
1947 1403 2290 1488 :destina

247 1530 406 1601 tae
440 1529 688 1603 erant,
755 1538 924 1617 non
987 1528 1239 1613 aptae,
1302 1517 1442 1595 uti
1487 1516 1740 1617 pedes
1780 1512 2292 1618 quorundam

254 1627 811 1730 Serpentium,
832 1626 1069 1719 oculi
1141 1628 1516 1729 Spalacis
1539 1643 1622 1704 et
1671 1628 1977 1728 Talpae
2041 1644 2117 1705 et
2142 1630 2291 1711 uti

248 1742 566 1823 videtur
626 1742 1161 1845 plurimorum
1214 1741 1759 1837 insectorum3
1785 1739 2291 1835 fecundatio

255 1855 350 1931 fit
395 1855 792 1932 levissimo
845 1855 1195 1947 seminis
1213 1868 1442 1942 tactu,
1492 1867 1585 1939 ut
1631 1854 1730 1939 in
1748 1856 1989 1935 Ranis
2025 1870 2102 1937 et
2131 1859 2294 1939 Pis

250 1971 509 2057 cibus;
558 1969 919 2046 tandem
910 1982 1148 2061 sunt,
1200 1993 1404 2068 quae
1443 1992 1756 2068 parere
1783 1968 2128 2069 :possint;
2154 1995 2299 2071 per

245 2064 517 2187 plures
580 2083 1127 2189 generationes
1188 2084 1486 2183 absque
1535 2082 2134 2183 secundatione,
2178 2085 2296 2169 uti

143 2222 147 2228 ’
250 2199 581 2299 aphides
666 2197 995 2298 aliaque.
1034 2196 1356 2289 insecta,
1442 2211 1519 2272 et
1573 2196 1691 2272 uti
1767 2197 2064 2297 pisces
2086 2198 2297 2311 yaril,

253 2313 423 2409 Qui
479 2335 767 2389 sexum:
816 2311 1266 2413 plantarum
1315 2326 1629 2410 negant,
1678 2325 1842 2389 tam
1891 2306 2300 2409 ingeniose

250 2427 728 2514 refutarunt,
806 2440 903 2500 -ut
976 2423 1289 2500 dubites
1364 2424 1468 2502 de
1542 2427 1769 2518 omni
1835 2425 2298 2512 animalium

252 2564 471 2620 sexun
1056 2565 1065 2572 ·
1740 2565 1747 2573 ·
2089 2565 2094 2568 ·
2331 2635 2335 2639 ¹

340 2731 343 2738 .
453 2653 925 2751 Quomodo
978 2650 1433 2741 fecundatio
1516 2649 1684 2736 fiat
1749 2649 2120 2742 di-fficile
2189 2666 2305 2732 est

254 2768 495 2847 dictu
608 2770 887 2847 Pollen
953 2793 1153 2868 aqua
1215 2764 1491 2842 adfusa
1551 2764 1853 2863 rumpi,
1912 2765 2304 2839 Linnaeus

258 2900 535 2961 auctor
585 2900 715 2960 est.
812 2887 910 2959 At
959 2883 1040 2972 in
1091 2882 1360 2982 paucis
1409 2879 1496 2955 id
1547 2877 1843 2955 accidit.
1924 2876 2305 2973 Koelreu-

257 3012 473 3073 terus
541 2998 827 3073 oleum*
879 2994 1284 3080 exsudare,
1337 2991 1559 3094 quod
1613 2992 1947 3089 stigmati
1996 2991 2304 3067 incum-

257 3110 411 3185 bat.
523 3112 673 3188 Alii
743 3110 1033 3211 quibus
1100 3107 1436 3183 adsentit
1510 3106 2012 3192 Tre-viranus,
2061 3118 2307 3186 mate-

256 3223 465 3298 riam
528 3224 1180 3322 mucilaginosam
1244 3219 1332 3295 id
1391 3233 1814 3320 praestare..
1895 3224 2306 3315 Fourcroy

260 3351 340 3413 et
403 3338 850 3437 Vauquelin
913 3336 1320 3414 materiam
1388 3333 1810 3422 animalem
1872 3333 1958 3409 in
2007 3332 2305 3434 polline

259 3450 577 3527 Palmae
652 3452 1182 3540 observarunt.
1302 3453 1404 3525 At
1472 3447 2003 3549 polleninum,
2082 3446 2306 3550 quod

259 3564 615 3658 Bucholz
692 3579 769 3639 et
839 3564 1046 3641 Iohn
1123 3562 1456 3640 examini
1493 3601 1498 3605 ·
1535 3563 1891 3652 chemico
1960 3560 2307 3659 subjece-

261 3693 481 3768 runt,
531 3680 857 3758 materia
905 3680 1172 3781 potius
1222 3675 1533 3754 videtur
1578 3677 1948 3758 resinosis
1984 3690 2055 3751 et
2092 3663 2309 3752 oleo·-

263 3793 368 3869 sis
417 3793 775 3896 proxima
806 3790 1348 3891 (Chemische
1382 3791 1708 3874 -Schrist,
1761 3796 1856 3864 Τ.
1901 3794 1966 3864 5.
2015 3816 2089 3891 Ρ.
2138 3790 2305 3885 39.)

262 3919 342 3981 et
387 3907 620 3985 video
671 3909 756 3984 in
810 3908 1033 3993 omni
1070 3905 1385 4008 polline,
1421 3904 1645 4006 quod
1679 3903 2000 4006 inspexi,
2037 3904 2308 3980 oleum

266 4041 502 4119 super
551 4047 754 4123 aqua
804 4022 906 4122 in
941 4021 1130 4104 solis
1180 4019 1417 4095 radiis
1468 4043 1863 4102 emanans
1903 4041 1910 4048 ·
