<?xml version="1.0" encoding="UTF-8"?>
<!DOCTYPE html PUBLIC "-//W3C//DTD XHTML 1.0 Transitional//EN"
    "http://www.w3.org/TR/xhtml1/DTD/xhtml1-transitional.dtd">
<html xmlns="http://www.w3.org/1999/xhtml" xml:lang="en" lang="en">
 <head>
  <title>
</title>
<meta http-equiv="Content-Type" content="text/html;charset=utf-8" />
  <meta name='ocr-system' content='tesseract 3.04.00' />
  <meta name='ocr-capabilities' content='ocr_page ocr_carea ocr_par ocr_line ocrx_word'/>
</head>
<body>
  <div class='ocr_page' id='page_1' title='image "./elementaphiloso01linkgoog_0339.png"; bbox 0 0 2843 4800; ppageno 0'>
   <div class='ocr_carea' id='block_1_1' title="bbox 1039 347 2347 435">
    <p class='ocr_par' dir='ltr' id='par_1_1' title="bbox 1039 347 2347 435">
     <span class='ocr_line' id='line_1_1' title="bbox 1039 347 2347 435; baseline -0.002 -3"><span class='ocrx_word' id='word_1_1' title='bbox 1039 353 1609 435; x_wconf 74' lang='lat' dir='ltr'><strong>FRUCTUS.</strong></span> <span class='ocrx_word' id='word_1_2' title='bbox 2059 347 2076 374; x_wconf 32' lang='grc' dir='ltr'>χ</span> <span class='ocrx_word' id='word_1_3' title='bbox 2200 354 2347 432; x_wconf 78' lang='grc'><strong>331</strong></span> 
     </span>
    </p>
   </div>
   <div class='ocr_carea' id='block_1_2' title="bbox 298 549 2362 2032">
    <p class='ocr_par' dir='ltr' id='par_1_2' title="bbox 298 549 2357 1232">
     <span class='ocr_line' id='line_1_2' title="bbox 491 549 2349 660; baseline -0.004 -23"><span class='ocrx_word' id='word_1_4' title='bbox 491 561 947 638; x_wconf 80' lang='lat' dir='ltr'>Numerum</span> <span class='ocrx_word' id='word_1_5' title='bbox 993 554 1488 660; x_wconf 84' lang='lat' dir='ltr'><strong>primitivum</strong></span> <span class='ocrx_word' id='word_1_6' title='bbox 1535 549 2025 630; x_wconf 77' lang='lat' dir='ltr'><strong>valvulamm</strong></span> <span class='ocrx_word' id='word_1_7' title='bbox 2062 553 2349 655; x_wconf 88' lang='lat' dir='ltr'><strong>peridii</strong></span> 
     </span>
     <span class='ocr_line' id='line_1_3' title="bbox 299 665 2353 772; baseline -0.001 -23"><span class='ocrx_word' id='word_1_8' title='bbox 299 672 455 749; x_wconf 90' lang='lat' dir='ltr'><strong>nisi</strong></span> <span class='ocrx_word' id='word_1_9' title='bbox 527 670 1257 749; x_wconf 89' lang='lat' dir='ltr'><strong>loculamentorum</strong></span> <span class='ocrx_word' id='word_1_10' title='bbox 1339 667 1753 772; x_wconf 89' lang='lat' dir='ltr'><strong>pericarpii</strong></span> <span class='ocrx_word' id='word_1_11' title='bbox 1840 692 1884 744; x_wconf 90' lang='lat' dir='ltr'><strong>e</strong></span> <span class='ocrx_word' id='word_1_12' title='bbox 1964 665 2353 746; x_wconf 83' lang='lat' dir='ltr'><strong>fasciculis</strong></span> 
     </span>
     <span class='ocr_line' id='line_1_4' title="bbox 298 781 2356 886; baseline -0.001 -22"><span class='ocrx_word' id='word_1_13' title='bbox 298 787 630 886; x_wconf 83' lang='lat' dir='ltr'><strong>lignosis</strong></span> <span class='ocrx_word' id='word_1_14' title='bbox 694 785 868 885; x_wconf 81' lang='lat' dir='ltr'><strong>styli</strong></span> <span class='ocrx_word' id='word_1_15' title='bbox 917 785 1288 864; x_wconf 86' lang='lat' dir='ltr'><strong>hariolari</strong></span> <span class='ocrx_word' id='word_1_16' title='bbox 1340 783 1654 885; x_wconf 87' lang='lat' dir='ltr'><strong>poteris.</strong></span> <span class='ocrx_word' id='word_1_17' title='bbox 1755 781 2356 884; x_wconf 90' lang='lat' dir='ltr'><strong>Simplicissima</strong></span> 
     </span>
     <span class='ocr_line' id='line_1_5' title="bbox 298 897 2353 1000; baseline -0.002 -21"><span class='ocrx_word' id='word_1_18' title='bbox 298 917 569 980; x_wconf 86' lang='lat' dir='ltr'><strong>tamen</strong></span> <span class='ocrx_word' id='word_1_19' title='bbox 618 915 1006 978; x_wconf 79' lang='lat' dir='ltr'><strong>structura</strong></span> <span class='ocrx_word' id='word_1_20' title='bbox 1055 899 1380 976; x_wconf 84' lang='lat' dir='ltr'><strong>bivalvis</strong></span> <span class='ocrx_word' id='word_1_21' title='bbox 1431 911 1563 987; x_wconf 86' lang='lat' dir='ltr'><strong>est,</strong></span> <span class='ocrx_word' id='word_1_22' title='bbox 1611 922 1855 1000; x_wconf 88' lang='lat' dir='ltr'><strong>quam</strong></span> <span class='ocrx_word' id='word_1_23' title='bbox 1903 900 2012 975; x_wconf 93' lang='lat' dir='ltr'><strong>ob</strong></span> <span class='ocrx_word' id='word_1_24' title='bbox 2044 921 2219 975; x_wconf 90' lang='lat' dir='ltr'><strong>rem</strong></span> <span class='ocrx_word' id='word_1_25' title='bbox 2265 897 2353 974; x_wconf 91' lang='lat' dir='ltr'><strong>in</strong></span> 
     </span>
     <span class='ocr_line' id='line_1_6' title="bbox 303 1013 2357 1120; baseline -0.001 -28"><span class='ocrx_word' id='word_1_26' title='bbox 303 1016 565 1120; x_wconf 87' lang='lat' dir='ltr'><strong>simpli</strong></span> <span class='ocrx_word' id='word_1_27' title='bbox 575 1014 909 1091; x_wconf 85' lang='lat' dir='ltr'><strong>cissimis</strong></span> <span class='ocrx_word' id='word_1_28' title='bbox 969 1013 1486 1091; x_wconf 82' lang='lat' dir='ltr'><strong>Graminibus</strong></span> <span class='ocrx_word' id='word_1_29' title='bbox 1516 1025 1991 1090; x_wconf 79' lang='lat' dir='ltr'><strong>structuram</strong></span> <span class='ocrx_word' id='word_1_30' title='bbox 2021 1013 2357 1117; x_wconf 75' lang='lat' dir='ltr'><strong>primiti-</strong></span> 
     </span>
     <span class='ocr_line' id='line_1_7' title="bbox 302 1125 2312 1232; baseline -0.002 -24"><span class='ocrx_word' id='word_1_31' title='bbox 302 1158 498 1208; x_wconf 85' lang='lat' dir='ltr'><strong>vum</strong></span> <span class='ocrx_word' id='word_1_32' title='bbox 546 1126 934 1206; x_wconf 84' lang='lat' dir='ltr'><strong>bivalvem</strong></span> <span class='ocrx_word' id='word_1_33' title='bbox 980 1125 1226 1205; x_wconf 87' lang='lat' dir='ltr'><strong>fuisse</strong></span> <span class='ocrx_word' id='word_1_34' title='bbox 1272 1140 1510 1232; x_wconf 90' lang='lat' dir='ltr'><strong>puto,</strong></span> <span class='ocrx_word' id='word_1_35' title='bbox 1559 1152 1707 1205; x_wconf 91' lang='lat' dir='ltr'><strong>nec</strong></span> <span class='ocrx_word' id='word_1_36' title='bbox 1754 1127 2312 1205; x_wconf 84' lang='lat' dir='ltr'><strong>trilocularem.</strong></span> 
     </span>
    </p>

    <p class='ocr_par' dir='ltr' id='par_1_3' title="bbox 303 1241 2362 2032">
     <span class='ocr_line' id='line_1_8' title="bbox 496 1241 2358 1345; baseline -0.001 -25"><span class='ocrx_word' id='word_1_37' title='bbox 496 1243 1021 1321; x_wconf 88' lang='lat' dir='ltr'><strong>Induratione</strong></span> <span class='ocrx_word' id='word_1_38' title='bbox 1077 1256 1337 1344; x_wconf 88' lang='lat' dir='ltr'><strong>partes</strong></span> <span class='ocrx_word' id='word_1_39' title='bbox 1392 1243 1685 1320; x_wconf 88' lang='lat' dir='ltr'><strong>mutari</strong></span> <span class='ocrx_word' id='word_1_40' title='bbox 1749 1241 1908 1341; x_wconf 86' lang='lat' dir='ltr'><strong>jam</strong></span> <span class='ocrx_word' id='word_1_41' title='bbox 1958 1268 2195 1345; x_wconf 90' lang='lat' dir='ltr'><strong>supra</strong></span> <span class='ocrx_word' id='word_1_42' title='bbox 2242 1241 2358 1318; x_wconf 80' lang='lat' dir='ltr'><strong>vi-</strong></span> 
     </span>
     <span class='ocr_line' id='line_1_9' title="bbox 303 1356 2359 1435; baseline -0.001 -1"><span class='ocrx_word' id='word_1_43' title='bbox 303 1358 594 1435; x_wconf 88' lang='lat' dir='ltr'><strong>dimus.</strong></span> <span class='ocrx_word' id='word_1_44' title='bbox 689 1360 830 1434; x_wconf 89' lang='lat' dir='ltr'><strong>Est</strong></span> <span class='ocrx_word' id='word_1_45' title='bbox 873 1356 1277 1435; x_wconf 88' lang='lat' dir='ltr'><strong>induratio</strong></span> <span class='ocrx_word' id='word_1_46' title='bbox 1326 1358 1699 1434; x_wconf 89' lang='lat' dir='ltr'><strong>materiae</strong></span> <span class='ocrx_word' id='word_1_47' title='bbox 1745 1358 2013 1433; x_wconf 90' lang='lat' dir='ltr'><strong>mollis</strong></span> <span class='ocrx_word' id='word_1_48' title='bbox 2058 1358 2148 1433; x_wconf 89' lang='lat' dir='ltr'><strong>in</strong></span> <span class='ocrx_word' id='word_1_49' title='bbox 2206 1356 2359 1434; x_wconf 90' lang='lat' dir='ltr'><strong>cel-</strong></span> 
     </span>
     <span class='ocr_line' id='line_1_10' title="bbox 304 1471 2359 1574; baseline -0 -26"><span class='ocrx_word' id='word_1_50' title='bbox 304 1473 494 1549; x_wconf 90' lang='lat' dir='ltr'><strong>lulis</strong></span> <span class='ocrx_word' id='word_1_51' title='bbox 558 1484 985 1549; x_wconf 85' lang='lat' dir='ltr'><strong>contentae.</strong></span> <span class='ocrx_word' id='word_1_52' title='bbox 1098 1471 1389 1573; x_wconf 67' lang='lat' dir='ltr'><strong>Diploe</strong></span> <span class='ocrx_word' id='word_1_53' title='bbox 1448 1472 1737 1574; x_wconf 88' lang='lat' dir='ltr'><strong>peridii</strong></span> <span class='ocrx_word' id='word_1_54' title='bbox 1817 1471 2023 1562; x_wconf 81' lang='lat' dir='ltr'><strong>hanc</strong></span> <span class='ocrx_word' id='word_1_55' title='bbox 2098 1485 2359 1547; x_wconf 88' lang='lat' dir='ltr'><strong>muta·-</strong></span> 
     </span>
     <span class='ocr_line' id='line_1_11' title="bbox 308 1585 2361 1687; baseline -0.001 -25"><span class='ocrx_word' id='word_1_56' title='bbox 308 1585 1128 1687; x_wconf 78' lang='lat' dir='ltr'><strong>tionem,saepissime</strong></span> <span class='ocrx_word' id='word_1_57' title='bbox 1192 1587 1436 1686; x_wconf 85' lang='lat' dir='ltr'><strong>subit,</strong></span> <span class='ocrx_word' id='word_1_58' title='bbox 1498 1601 1591 1663; x_wconf 89' lang='lat' dir='ltr'><strong>ut</strong></span> <span class='ocrx_word' id='word_1_59' title='bbox 1635 1586 1719 1661; x_wconf 93' lang='lat' dir='ltr'><strong>in</strong></span> <span class='ocrx_word' id='word_1_60' title='bbox 1773 1585 2048 1687; x_wconf 87' lang='lat' dir='ltr'><strong>drupis</strong></span> <span class='ocrx_word' id='word_1_61' title='bbox 2098 1599 2176 1662; x_wconf 90' lang='lat' dir='ltr'><strong>et</strong></span> <span class='ocrx_word' id='word_1_62' title='bbox 2219 1610 2361 1687; x_wconf 85' lang='lat' dir='ltr'><strong>py-</strong></span> 
     </span>
     <span class='ocr_line' id='line_1_12' title="bbox 308 1699 2359 1801; baseline 0 -25"><span class='ocrx_word' id='word_1_63' title='bbox 308 1700 554 1788; x_wconf 79' lang='lat' dir='ltr'><strong>reniS,</strong></span> <span class='ocrx_word' id='word_1_64' title='bbox 619 1699 757 1775; x_wconf 92' lang='lat' dir='ltr'><strong>sed</strong></span> <span class='ocrx_word' id='word_1_65' title='bbox 821 1724 1148 1801; x_wconf 88' lang='lat' dir='ltr'><strong>quoque</strong></span> <span class='ocrx_word' id='word_1_66' title='bbox 1199 1714 1464 1776; x_wconf 85' lang='lat' dir='ltr'><strong>cortex</strong></span> <span class='ocrx_word' id='word_1_67' title='bbox 1514 1700 1869 1789; x_wconf 84' lang='lat' dir='ltr'><strong>exterior,</strong></span> <span class='ocrx_word' id='word_1_68' title='bbox 1933 1715 2027 1777; x_wconf 90' lang='lat' dir='ltr'><strong>ut</strong></span> <span class='ocrx_word' id='word_1_69' title='bbox 2071 1701 2158 1775; x_wconf 91' lang='lat' dir='ltr'><strong>in</strong></span> <span class='ocrx_word' id='word_1_70' title='bbox 2208 1724 2359 1776; x_wconf 91' lang='lat' dir='ltr'><strong>nu-</strong></span> 
     </span>
     <span class='ocr_line' id='line_1_13' title="bbox 311 1814 2358 1901; baseline -0.001 -10"><span class='ocrx_word' id='word_1_71' title='bbox 311 1816 567 1901; x_wconf 88' lang='lat' dir='ltr'><strong>cibus;</strong></span> <span class='ocrx_word' id='word_1_72' title='bbox 630 1814 731 1892; x_wconf 91' lang='lat' dir='ltr'><strong>de</strong></span> <span class='ocrx_word' id='word_1_73' title='bbox 780 1814 1073 1889; x_wconf 88' lang='lat' dir='ltr'><strong>cortice</strong></span> <span class='ocrx_word' id='word_1_74' title='bbox 1121 1815 1408 1891; x_wconf 90' lang='lat' dir='ltr'><strong>intimo</strong></span> <span class='ocrx_word' id='word_1_75' title='bbox 1458 1815 1663 1890; x_wconf 88' lang='lat' dir='ltr'><strong>mihi</strong></span> <span class='ocrx_word' id='word_1_76' title='bbox 1697 1838 1865 1890; x_wconf 90' lang='lat' dir='ltr'><strong>non</strong></span> <span class='ocrx_word' id='word_1_77' title='bbox 1901 1827 2192 1891; x_wconf 90' lang='lat' dir='ltr'><strong>notum</strong></span> <span class='ocrx_word' id='word_1_78' title='bbox 2226 1828 2358 1890; x_wconf 86' lang='lat' dir='ltr'><strong>est.</strong></span> 
     </span>
     <span class='ocr_line' id='line_1_14' title="bbox 312 1925 2362 2032; baseline -0 -26"><span class='ocrx_word' id='word_1_79' title='bbox 312 1925 745 2031; x_wconf 84' lang='lat' dir='ltr'><strong>Superficie</strong></span> <span class='ocrx_word' id='word_1_80' title='bbox 817 1928 1014 2004; x_wconf 87' lang='lat' dir='ltr'><strong>laevi</strong></span> <span class='ocrx_word' id='word_1_81' title='bbox 1086 1926 1315 2004; x_wconf 89' lang='lat' dir='ltr'><strong>facile</strong></span> <span class='ocrx_word' id='word_1_82' title='bbox 1396 1927 2008 2028; x_wconf 82' lang='lat' dir='ltr'><strong>dignoscuntur,</strong></span> <span class='ocrx_word' id='word_1_83' title='bbox 2092 1928 2231 2032; x_wconf 87' lang='lat' dir='ltr'><strong>qui</strong></span> <span class='ocrx_word' id='word_1_84' title='bbox 2316 1952 2362 2006; x_wconf 91' lang='lat' dir='ltr'><strong>e</strong></span> 
     </span>
    </p>
   </div>
   <div class='ocr_carea' id='block_1_3' title="bbox 166 2040 2361 2146">
    <p class='ocr_par' dir='ltr' id='par_1_4' title="bbox 166 2040 2361 2146">
     <span class='ocr_line' id='line_1_15' title="bbox 166 2040 2361 2146; baseline 0.002 -32"><span class='ocrx_word' id='word_1_85' title='bbox 166 2103 175 2114; x_wconf 82' lang='lat'>.</span> <span class='ocrx_word' id='word_1_86' title='bbox 308 2043 600 2121; x_wconf 88' lang='lat' dir='ltr'><strong>cortice</strong></span> <span class='ocrx_word' id='word_1_87' title='bbox 672 2041 958 2145; x_wconf 90' lang='lat' dir='ltr'><strong>peridii</strong></span> <span class='ocrx_word' id='word_1_88' title='bbox 1038 2041 1451 2129; x_wconf 86' lang='lat' dir='ltr'><strong>exteriore,</strong></span> <span class='ocrx_word' id='word_1_89' title='bbox 1512 2043 1703 2119; x_wconf 90' lang='lat' dir='ltr'><strong>hinc</strong></span> <span class='ocrx_word' id='word_1_90' title='bbox 1766 2040 2189 2146; x_wconf 85' lang='lat' dir='ltr'><strong>pleraeque</strong></span> <span class='ocrx_word' id='word_1_91' title='bbox 2238 2069 2361 2119; x_wconf 89' lang='lat' dir='ltr'><strong>ca-</strong></span> 
     </span>
    </p>
   </div>
   <div class='ocr_carea' id='block_1_4' title="bbox 288 2155 2365 2722">
    <p class='ocr_par' dir='ltr' id='par_1_5' title="bbox 305 2155 2362 2375">
     <span class='ocr_line' id='line_1_16' title="bbox 305 2155 2362 2261; baseline -0.001 -26"><span class='ocrx_word' id='word_1_92' title='bbox 305 2183 662 2261; x_wconf 77' lang='lat' dir='ltr'><strong>ryopseS,</strong></span> <span class='ocrx_word' id='word_1_93' title='bbox 728 2171 806 2233; x_wconf 89' lang='lat' dir='ltr'><strong>et</strong></span> <span class='ocrx_word' id='word_1_94' title='bbox 854 2157 1146 2234; x_wconf 89' lang='lat' dir='ltr'><strong>akenae</strong></span> <span class='ocrx_word' id='word_1_95' title='bbox 1197 2155 1298 2233; x_wconf 89' lang='lat' dir='ltr'><strong>ad</strong></span> <span class='ocrx_word' id='word_1_96' title='bbox 1360 2155 1656 2258; x_wconf 89' lang='lat' dir='ltr'><strong>drupas</strong></span> <span class='ocrx_word' id='word_1_97' title='bbox 1718 2158 2140 2261; x_wconf 85' lang='lat' dir='ltr'><strong>pertinent,</strong></span> <span class='ocrx_word' id='word_1_98' title='bbox 2207 2156 2362 2233; x_wconf 88' lang='lat' dir='ltr'><strong>nisi</strong></span> 
     </span>
     <span class='ocr_line' id='line_1_17' title="bbox 475 2271 2360 2375; baseline 0 -27"><span class='ocrx_word' id='word_1_99' title='bbox 475 2271 744 2349; x_wconf 87' lang='lat' dir='ltr'><strong>anthio</strong></span> <span class='ocrx_word' id='word_1_100' title='bbox 817 2272 1276 2375; x_wconf 84' lang='lat' dir='ltr'><strong>persistente</strong></span> <span class='ocrx_word' id='word_1_101' title='bbox 1339 2272 1634 2349; x_wconf 89' lang='lat' dir='ltr'><strong>cinctae</strong></span> <span class='ocrx_word' id='word_1_102' title='bbox 1695 2271 2011 2352; x_wconf 89' lang='lat' dir='ltr'><strong>fuerint.</strong></span> <span class='ocrx_word' id='word_1_103' title='bbox 2130 2272 2360 2350; x_wconf 88' lang='lat' dir='ltr'><strong>Initia</strong></span> 
     </span>
    </p>

    <p class='ocr_par' dir='ltr' id='par_1_6' title="bbox 311 2385 2364 2580">
     <span class='ocr_line' id='line_1_18' title="bbox 311 2385 2105 2492; baseline 0 -27"><span class='ocrx_word' id='word_1_104' title='bbox 311 2389 397 2465; x_wconf 94' lang='lat' dir='ltr'><strong>in</strong></span> <span class='ocrx_word' id='word_1_105' title='bbox 457 2387 845 2465; x_wconf 89' lang='lat' dir='ltr'><strong>urationis</strong></span> <span class='ocrx_word' id='word_1_106' title='bbox 894 2385 1331 2465; x_wconf 83' lang='lat' dir='ltr'><strong>videmus</strong></span> <span class='ocrx_word' id='word_1_107' title='bbox 1307 2414 1395 2464; x_wconf 87' lang='lat'><strong>111</strong></span> <span class='ocrx_word' id='word_1_108' title='bbox 1443 2387 1659 2491; x_wconf 87' lang='lat' dir='ltr'><strong>pyris</strong></span> <span class='ocrx_word' id='word_1_109' title='bbox 1705 2387 2105 2492; x_wconf 89' lang='lat' dir='ltr'><strong>lapillosis.</strong></span> 
     </span>
     <span class='ocr_line' id='line_1_19' title="bbox 507 2499 2364 2580; baseline 0 0"><span class='ocrx_word' id='word_1_110' title='bbox 507 2502 960 2580; x_wconf 86' lang='lat' dir='ltr'><strong>Succulenti</strong></span> <span class='ocrx_word' id='word_1_111' title='bbox 1008 2501 1219 2577; x_wconf 88' lang='lat' dir='ltr'><strong>fiunt</strong></span> <span class='ocrx_word' id='word_1_112' title='bbox 1262 2499 1567 2578; x_wconf 88' lang='lat' dir='ltr'><strong>fructus</strong></span> <span class='ocrx_word' id='word_1_113' title='bbox 1617 2528 1803 2579; x_wconf 91' lang='lat' dir='ltr'><strong>cum</strong></span> <span class='ocrx_word' id='word_1_114' title='bbox 1855 2503 2181 2580; x_wconf 85' lang='lat' dir='ltr'><strong>cellulae</strong></span> <span class='ocrx_word' id='word_1_115' title='bbox 2238 2527 2364 2580; x_wconf 86' lang='lat' dir='ltr'><strong>ex-</strong></span> 
     </span>
    </p>

    <p class='ocr_par' dir='ltr' id='par_1_7' title="bbox 288 2613 2365 2722">
     <span class='ocr_line' id='line_1_20' title="bbox 288 2613 2365 2722; baseline 0 -28"><span class='ocrx_word' id='word_1_116' title='bbox 288 2616 774 2722; x_wconf 86' lang='lat' dir='ltr'><strong>panduntur</strong></span> <span class='ocrx_word' id='word_1_117' title='bbox 833 2630 912 2692; x_wconf 89' lang='lat' dir='ltr'><strong>et</strong></span> <span class='ocrx_word' id='word_1_118' title='bbox 968 2613 1295 2691; x_wconf 89' lang='lat' dir='ltr'><strong>materia</strong></span> <span class='ocrx_word' id='word_1_119' title='bbox 1354 2615 1605 2711; x_wconf 86' lang='lat' dir='ltr'><strong>magis</strong></span> <span class='ocrx_word' id='word_1_120' title='bbox 1665 2615 2033 2693; x_wconf 82' lang='lat' dir='ltr'><strong>minusve</strong></span> <span class='ocrx_word' id='word_1_121' title='bbox 2091 2617 2365 2694; x_wconf 87' lang='lat' dir='ltr'><strong>viridis</strong></span> 
     </span>
    </p>
   </div>
   <div class='ocr_carea' id='block_1_5' title="bbox 196 2728 2367 2831">
    <p class='ocr_par' dir='ltr' id='par_1_8' title="bbox 196 2728 2367 2831">
     <span class='ocr_line' id='line_1_21' title="bbox 196 2728 2367 2831; baseline -0.001 -21"><span class='ocrx_word' id='word_1_122' title='bbox 196 2736 203 2743; x_wconf 79' lang='grc'><strong><em>’</em></strong></span> <span class='ocrx_word' id='word_1_123' title='bbox 311 2729 760 2810; x_wconf 90' lang='lat' dir='ltr'><strong>semifluida</strong></span> <span class='ocrx_word' id='word_1_124' title='bbox 823 2729 1056 2831; x_wconf 88' lang='lat' dir='ltr'><strong>plane</strong></span> <span class='ocrx_word' id='word_1_125' title='bbox 1119 2728 1370 2806; x_wconf 87' lang='lat' dir='ltr'><strong>fluida</strong></span> <span class='ocrx_word' id='word_1_126' title='bbox 1431 2728 1542 2803; x_wconf 83' lang='lat' dir='ltr'><strong>fit.</strong></span> <span class='ocrx_word' id='word_1_127' title='bbox 1648 2729 1992 2805; x_wconf 87' lang='lat' dir='ltr'><strong>Parietes</strong></span> <span class='ocrx_word' id='word_1_128' title='bbox 2053 2729 2367 2808; x_wconf 91' lang='lat' dir='ltr'><strong>cellula-</strong></span> 
     </span>
    </p>
   </div>
   <div class='ocr_carea' id='block_1_6' title="bbox 306 2843 2370 3287">
    <p class='ocr_par' dir='ltr' id='par_1_9' title="bbox 306 2843 2368 3287">
     <span class='ocr_line' id='line_1_22' title="bbox 306 2843 2368 2949; baseline -0.002 -24"><span class='ocrx_word' id='word_1_129' title='bbox 306 2862 496 2949; x_wconf 71' lang='lat' dir='ltr'><strong>rum&#39;</strong></span> <span class='ocrx_word' id='word_1_130' title='bbox 543 2843 989 2922; x_wconf 90' lang='lat' dir='ltr'><strong>tenuissimi</strong></span> <span class='ocrx_word' id='word_1_131' title='bbox 1038 2857 1255 2932; x_wconf 87' lang='lat' dir='ltr'><strong>sunt,</strong></span> <span class='ocrx_word' id='word_1_132' title='bbox 1306 2844 1412 2919; x_wconf 89' lang='lat' dir='ltr'><strong>ita</strong></span> <span class='ocrx_word' id='word_1_133' title='bbox 1460 2854 1554 2918; x_wconf 91' lang='lat' dir='ltr'><strong>ut</strong></span> <span class='ocrx_word' id='word_1_134' title='bbox 1602 2865 1827 2940; x_wconf 87' lang='lat' dir='ltr'><strong>aegre</strong></span> <span class='ocrx_word' id='word_1_135' title='bbox 1878 2844 2368 2946; x_wconf 90' lang='lat' dir='ltr'><strong>conspician-</strong></span> 
     </span>
     <span class='ocr_line' id='line_1_23' title="bbox 310 2958 2368 3051; baseline -0.002 -10"><span class='ocrx_word' id='word_1_136' title='bbox 310 2978 478 3051; x_wconf 89' lang='lat' dir='ltr'><strong>tur,</strong></span> <span class='ocrx_word' id='word_1_137' title='bbox 540 2961 680 3039; x_wconf 89' lang='lat' dir='ltr'><strong>sed</strong></span> <span class='ocrx_word' id='word_1_138' title='bbox 733 2958 1058 3037; x_wconf 84' lang='lat' dir='ltr'><strong>cellulae</strong></span> <span class='ocrx_word' id='word_1_139' title='bbox 1108 2983 1277 3033; x_wconf 92' lang='lat' dir='ltr'><strong>non</strong></span> <span class='ocrx_word' id='word_1_140' title='bbox 1331 2971 1834 3045; x_wconf 84' lang='lat' dir='ltr'><strong>evanescunt,</strong></span> <span class='ocrx_word' id='word_1_141' title='bbox 1886 2971 1964 3033; x_wconf 90' lang='lat' dir='ltr'><strong>et</strong></span> <span class='ocrx_word' id='word_1_142' title='bbox 2013 2974 2368 3037; x_wconf 85' lang='lat' dir='ltr'><strong>accurata</strong></span> 
     </span>
     <span class='ocr_line' id='line_1_24' title="bbox 312 3068 2368 3173; baseline 0 -24"><span class='ocrx_word' id='word_1_143' title='bbox 312 3076 802 3173; x_wconf 84' lang='lat' dir='ltr'><strong>inspectione</strong></span> <span class='ocrx_word' id='word_1_144' title='bbox 873 3075 961 3148; x_wconf 91' lang='lat' dir='ltr'><strong>in</strong></span> <span class='ocrx_word' id='word_1_145' title='bbox 1047 3086 1366 3148; x_wconf 87' lang='lat' dir='ltr'><strong>maturo</strong></span> <span class='ocrx_word' id='word_1_146' title='bbox 1441 3068 1709 3146; x_wconf 88' lang='lat' dir='ltr'><strong>fructu</strong></span> <span class='ocrx_word' id='word_1_147' title='bbox 1772 3071 2368 3169; x_wconf 86' lang='lat' dir='ltr'><strong>dignoscuntur.</strong></span> 
     </span>
     <span class='ocr_line' id='line_1_25' title="bbox 312 3184 2370 3287; baseline -0.002 -21"><span class='ocrx_word' id='word_1_148' title='bbox 312 3187 695 3266; x_wconf 82' lang='lat' dir='ltr'><strong>Fasciculi</strong></span> <span class='ocrx_word' id='word_1_149' title='bbox 747 3186 1032 3285; x_wconf 87' lang='lat' dir='ltr'><strong>lignosi</strong></span> <span class='ocrx_word' id='word_1_150' title='bbox 1079 3210 1251 3262; x_wconf 91' lang='lat' dir='ltr'><strong>non</strong></span> <span class='ocrx_word' id='word_1_151' title='bbox 1299 3210 1482 3261; x_wconf 92' lang='lat' dir='ltr'><strong>raro</strong></span> <span class='ocrx_word' id='word_1_152' title='bbox 1534 3200 1995 3287; x_wconf 88' lang='lat' dir='ltr'><strong>separantur</strong></span> <span class='ocrx_word' id='word_1_153' title='bbox 2039 3184 2125 3261; x_wconf 89' lang='lat' dir='ltr'><strong>in</strong></span> <span class='ocrx_word' id='word_1_154' title='bbox 2169 3212 2370 3275; x_wconf 85' lang='lat' dir='ltr'><strong>vasa,</strong></span> 
     </span>
    </p>
   </div>
   <div class='ocr_carea' id='block_1_7' title="bbox 317 3299 2469 3514">
    <p class='ocr_par' dir='ltr' id='par_1_10' title="bbox 317 3299 2469 3514">
     <span class='ocr_line' id='line_1_26' title="bbox 317 3299 2469 3439; baseline 0.001 -63"><span class='ocrx_word' id='word_1_155' title='bbox 317 3324 525 3404; x_wconf 90' lang='lat' dir='ltr'><strong>quae</strong></span> <span class='ocrx_word' id='word_1_156' title='bbox 620 3300 859 3398; x_wconf 84' lang='lat' dir='ltr'><strong>igitur</strong></span> <span class='ocrx_word' id='word_1_157' title='bbox 937 3317 1122 3402; x_wconf 88' lang='lat' dir='ltr'><strong>post</strong></span> <span class='ocrx_word' id='word_1_158' title='bbox 1196 3300 1816 3378; x_wconf 85' lang='lat' dir='ltr'><strong>maturationem</strong></span> <span class='ocrx_word' id='word_1_159' title='bbox 1900 3299 2370 3439; x_wconf 87' lang='lat' dir='ltr'><strong>difficillime</strong></span> <span class='ocrx_word' id='word_1_160' title='bbox 2463 3406 2469 3417; x_wconf 77' lang='lat'><em>‚</em></span> 
     </span>
     <span class='ocr_line' id='line_1_27' title="bbox 318 3426 961 3514; baseline -0.003 -22"><span class='ocrx_word' id='word_1_161' title='bbox 318 3426 875 3514; x_wconf 83' lang='lat' dir='ltr'><strong>agnoscuntur.</strong></span> <span class='ocrx_word' id='word_1_162' title='bbox 955 3430 961 3435; x_wconf 82' lang='grc'><strong>’</strong></span> 
     </span>
    </p>
   </div>
   <div class='ocr_carea' id='block_1_8' title="bbox 319 3528 2373 3747">
    <p class='ocr_par' dir='ltr' id='par_1_11' title="bbox 319 3528 2373 3747">
     <span class='ocr_line' id='line_1_28' title="bbox 510 3528 2371 3633; baseline 0.001 -29"><span class='ocrx_word' id='word_1_163' title='bbox 510 3528 1015 3605; x_wconf 87' lang='lat' dir='ltr'><strong>Exsiccantur</strong></span> <span class='ocrx_word' id='word_1_164' title='bbox 1084 3528 1313 3631; x_wconf 91' lang='lat' dir='ltr'><strong>plura</strong></span> <span class='ocrx_word' id='word_1_165' title='bbox 1385 3528 1854 3632; x_wconf 89' lang='lat' dir='ltr'><strong>pericarpia,</strong></span> <span class='ocrx_word' id='word_1_166' title='bbox 1922 3555 2125 3633; x_wconf 88' lang='lat' dir='ltr'><strong>quae</strong></span> <span class='ocrx_word' id='word_1_167' title='bbox 2197 3555 2371 3608; x_wconf 92' lang='lat' dir='ltr'><strong>non</strong></span> 
     </span>
     <span class='ocr_line' id='line_1_29' title="bbox 319 3639 2373 3747; baseline 0 -26"><span class='ocrx_word' id='word_1_168' title='bbox 319 3644 775 3731; x_wconf 86' lang='lat' dir='ltr'><strong>dehiscunt,</strong></span> <span class='ocrx_word' id='word_1_169' title='bbox 827 3639 1265 3742; x_wconf 88' lang='lat' dir='ltr'><strong>druparum</strong></span> <span class='ocrx_word' id='word_1_170' title='bbox 1319 3658 1581 3719; x_wconf 88' lang='lat' dir='ltr'><strong>cortex</strong></span> <span class='ocrx_word' id='word_1_171' title='bbox 1633 3644 1995 3735; x_wconf 84' lang='lat' dir='ltr'><strong>exterior,</strong></span> <span class='ocrx_word' id='word_1_172' title='bbox 2047 3658 2124 3723; x_wconf 92' lang='lat' dir='ltr'><strong>et</strong></span> <span class='ocrx_word' id='word_1_173' title='bbox 2171 3670 2373 3747; x_wconf 92' lang='lat' dir='ltr'><strong>quo-</strong></span> 
     </span>
    </p>
   </div>
   <div class='ocr_carea' id='block_1_9' title="bbox 319 3754 2374 3967">
    <p class='ocr_par' dir='ltr' id='par_1_12' title="bbox 319 3754 2374 3967">
     <span class='ocr_line' id='line_1_30' title="bbox 321 3754 2374 3863; baseline -0 -27"><span class='ocrx_word' id='word_1_174' title='bbox 321 3784 478 3863; x_wconf 88' lang='lat' dir='ltr'><strong>que</strong></span> <span class='ocrx_word' id='word_1_175' title='bbox 531 3783 735 3860; x_wconf 89' lang='lat' dir='ltr'><strong>quae</strong></span> <span class='ocrx_word' id='word_1_176' title='bbox 789 3770 1009 3833; x_wconf 89' lang='lat' dir='ltr'><strong>antea</strong></span> <span class='ocrx_word' id='word_1_177' title='bbox 1058 3754 1286 3835; x_wconf 86' lang='lat' dir='ltr'><strong>valde</strong></span> <span class='ocrx_word' id='word_1_178' title='bbox 1336 3757 1785 3837; x_wconf 87' lang='lat' dir='ltr'><strong>succulenta</strong></span> <span class='ocrx_word' id='word_1_179' title='bbox 1837 3772 2093 3849; x_wconf 90' lang='lat' dir='ltr'><strong>erant,</strong></span> <span class='ocrx_word' id='word_1_180' title='bbox 2153 3757 2374 3835; x_wconf 87' lang='lat' dir='ltr'><strong>unde</strong></span> 
     </span>
     <span class='ocr_line' id='line_1_31' title="bbox 319 3873 1349 3967; baseline -0.002 -18"><span class='ocrx_word' id='word_1_181' title='bbox 319 3874 602 3949; x_wconf 89' lang='lat' dir='ltr'><strong>baccae</strong></span> <span class='ocrx_word' id='word_1_182' title='bbox 652 3873 900 3948; x_wconf 90' lang='lat' dir='ltr'><strong>siccae</strong></span> <span class='ocrx_word' id='word_1_183' title='bbox 948 3886 1349 3967; x_wconf 67' lang='lat' dir='ltr'><strong>v.ocpntur</strong></span> 
     </span>
    </p>
   </div>
   <div class='ocr_carea' id='block_1_10' title="bbox 327 3960 2375 4207">
    <p class='ocr_par' dir='ltr' id='par_1_13' title="bbox 327 3960 2375 4207">
     <span class='ocr_line' id='line_1_32' title="bbox 514 3960 2375 4090; baseline -0.001 -27"><span class='ocrx_word' id='word_1_184' title='bbox 514 3987 1012 4065; x_wconf 89' lang='lat' dir='ltr'><strong>Dehiscentia</strong></span> <span class='ocrx_word' id='word_1_185' title='bbox 1109 4012 1423 4090; x_wconf 89' lang='lat' dir='ltr'><strong>semper</strong></span> <span class='ocrx_word' id='word_1_186' title='bbox 1516 3988 1610 4064; x_wconf 84' lang='lat' dir='ltr'><strong>fit</strong></span> <span class='ocrx_word' id='word_1_187' title='bbox 1700 3960 2230 4063; x_wconf 84' lang='lat' dir='ltr'><strong>exsiccatione</strong></span> <span class='ocrx_word' id='word_1_188' title='bbox 2288 3988 2375 4062; x_wconf 90' lang='lat' dir='ltr'><strong>in</strong></span> 
     </span>
     <span class='ocr_line' id='line_1_33' title="bbox 327 4100 2375 4207; baseline 0 -30"><span class='ocrx_word' id='word_1_189' title='bbox 327 4117 699 4181; x_wconf 85' lang='lat' dir='ltr'><strong>contextu</strong></span> <span class='ocrx_word' id='word_1_190' title='bbox 760 4103 1140 4182; x_wconf 90' lang='lat' dir='ltr'><strong>celluloso</strong></span> <span class='ocrx_word' id='word_1_191' title='bbox 1212 4115 1289 4180; x_wconf 90' lang='lat' dir='ltr'><strong>et</strong></span> <span class='ocrx_word' id='word_1_192' title='bbox 1351 4102 1649 4206; x_wconf 90' lang='lat' dir='ltr'><strong>duplici</strong></span> <span class='ocrx_word' id='word_1_193' title='bbox 1720 4100 2050 4207; x_wconf 87' lang='lat' dir='ltr'><strong>quidem</strong></span> <span class='ocrx_word' id='word_1_194' title='bbox 2099 4100 2375 4178; x_wconf 92' lang='lat' dir='ltr'><strong>modo.</strong></span> 
     </span>
    </p>
   </div>
  </div>
 </body>
</html>
