2843 4800
536 322 685 396 218
1337 322 1778 397 GEMMA.

541 534 728 596 sunt
793 532 871 595 et
925 520 1275 618 vaginata
1291 580 1310 609 ‚
1370 521 1669 597 bulbus
1725 519 1822 595 fit
1865 517 2292 606 tunicatus,
2331 519 2415 595 :si
2456 517 2584 597 fo-

536 635 639 711 lia
689 634 996 709 caulem
1043 635 1210 710 basi
1260 660 1430 711 non
1459 634 1821 731 cingunt,
1869 632 1962 708 fit
2005 632 2301 710 bulbus
2348 658 2580 734 squa-

537 761 833 836 matus,
880 762 974 824 ut
1033 749 1119 823 in
1165 749 1393 825 Lilio.
1502 747 1859 825 Gemmis'
1907 746 2075 823 aliis
2122 772 2267 824 seu
2309 748 2580 824 bulbis

539 862 707 938 aliis
768 862 1195 938 nutriendo
1261 860 1718 938 inserviunt.
1827 866 2161 963 Semper
2191 862 2581 938 ‘oriuntur
2718 875 2727 884 ‘

536 976 622 1051 in
681 976 848 1051 basi
915 977 1153 1052 caulis
1215 1001 1360 1052 seu
1419 974 1972 1052 rhizomati's.‘'-
2015 980 2227 1055 Intra
2274 976 2582 1063 feminas

539 1088 669 1165 alii
735 1104 1211 1165 enascuntur
1268 1088 1525 1179 bulbi,
1607 1103 1738 1165 ut·
1759 1113 2118 1187 gemmae
2180 1087 2582 1164 solentsex

541 1203 780 1278 axillis
827 1200 1231 1283 foliorum.
1345 1206 1564 1278 Dum
1625 1203 1814 1279 novi
1890 1216 2026 1277 aut
2098 1201 2580 1302 explicantur

536 1317 782 1406 bulbi,
844 1330 979 1392 aut
1037 1317 1517 1405 formantur,
1585 1315 1829 1393 adulti
1899 1329 2413 1413 exsuguntur‚
2449 1313 2578 1391 fa÷

538 1433 828 1507 tiscunt
875 1445 952 1506 et
997 1445 1348 1531 pereunt.
1445 1430 1782 1508 Adultus
1834 1430 2046 1504 enim
2083 1429 2380 1505 bulbus
2428 1454 2580 1509 no-.

537 1571 729 1620 vum
803 1559 1162 1621 exortum
1239 1570 1329 1621 ex
1390 1543 1744 1621 uberiori
1810 1568 1958 1618 suo
2013 1543 2573 1619 alimentorum

540 1682 759 1761 penu
830 1658 1052 1760 quasi
1126 1658 1370 1734 lactat.
1504 1657 1756 1735 Variis
1827 1654 2095 1733 modis
2165 1657 2323 1733 hoc
2365 1682 2582 1759 per-

537 1771 815 1857 ficitur.

564 1896 567 1901 '
716 1864 944 1962 Dum
992 1860 1252 1988 planta
1285 1886 1492 1983 viget
1547 1840 1938 1986 floretque
1982 1880 2355 2016 proprius
2399 1884 2581 1960 bul-

538 2001 688 2076 bus
746 1998 1058 2087 fatiscit,
1126 2024 1381 2077 novus
1445 2022 1633 2075 vero
1683 1997 2059 2075 increscit.
2157 2004 2255 2076 In
2301 1998 2581 2075 flores-

538 2113 786 2190 centia
850 2113 1115 2214 proles
1173 2112 1432 2211 major
1487 2127 1607 2189 est
1650 2126 1972 2212 parente
2019 2113 2294 2188 bulbo.
2387 2117 2584 2189 Post

534 2225 1110 2309 florescentiam
1162 2242 1238 2303 et
1282 2225 1893 2313 maturationem
1940 2246 2222 2327 parens
2282 2228 2581 2319 bulbus

531 2340 752 2442 perit,
801 2341 1089 2417 tunicis
1137 2340 1358 2438 siccis
1389 2354 1704 2420 tantum
1745 2342 2362 2429 remanentibus,
2385 2334 2580 2442 pro&

533 2454 653 2534 les,
710 2480 898 2531 vero
964 2455 1305 2556 parentis
1352 2454 1626 2534 locum
1678 2470 2028 2556 occupat.
2154 2454 2578 2553 Ejusmodi

537 2566 802 2644 bulbos
849 2598 1208 2645 carnosos
1257 2572 1595 2646 laterales
1645 2569 1994 2648 dixerim.
2095 2571 2401 2673 Tulipa.

556 2733 563 2746 ‹
614 2705 657 2762 ξῚ
729 2683 1021 2761 Omnia
1094 2681 1304 2766 fiunt
1360 2697 1455 2759 ut
1517 2697 1772 2772 antea,
1835 2682 1975 2759 sed
2036 2684 2302 2785 plures
2350 2686 2577 2762 bulbi

533 2795 721 2870 novi
794 2796 1036 2873 simul
1089 2797 1475 2886 oriuntur,
1537 2812 1629 2875 ut
1687 2799 1774 2898 in
1800 2825 1810 2846 ‘-
1836 2797 2055 2875 Alliis
2102 2796 2354 2874 variiS.
2447 2803 2577 2875 In-

535 2909 852 2987 terdum
923 2911 1127 2987 novi.
1184 2911 1407 2988 bulbi
1483 2911 1853 3009 singulari
1927 2908 2180 2986 modo
2235 2911 2574 3010 stipitati

535 3038 753 3113 sunt,
826 3025 1085 3126 stipite
1156 3046 1365 3104 cum·
1415 3026 1636 3102 caule
1707 3020 2046 3124 parentis
2107 3020 2334 3106 bulbi
2396 3023 2576 3104 fati-

534 3151 815 3215 scente.
923 3143 1019 3215 In
1077 3137 1284 3215 Allio
1348 3138 1659 3235 magico
1717 3133 2030 3236 prolem
2077 3134 2347 3216 videre
2393 3139 2579 3222 licet

532 3250 732 3329 folio
783 3250 1085 3328 fultam.
2361 3315 2366 3320 .

723 3369 908 3441 Non
960 3387 1273 3464 semper
1320 3360 1559 3438 caulis
1605 3361 1904 3440 florens
1956 3325 2033 3440 et
2063 3364 2366 3444 fructus
2395 3392 2570 3469 per

534 3476 807 3556 ficiens
869 3500 1153 3552 omnes
1216 3476 1519 3553 tunicas
1585 3479 1971 3567 exhaurit,
2045 3478 2185 3556 sed
2252 3482 2570 3558 extimas

530 3603 860 3667 tantum.
956 3594 1231 3667 Novus
1278 3591 1572 3669 bulbus
1621 3606 1758 3671 aut
1803 3593 1986 3669 novi
2038 3592 2262 3670 bulbi
2315 3619 2360 3670 e
2405 3621 2573 3673 me<-

536 3704 673 3781 dio
722 3702 944 3780 bulbi
998 3705 1337 3805 parentis
1387 3723 1820 3806 emergunt.
1946 3706 2243 3788 ‚Bulbos
2287 3739 2570 3787 camo-

533 3849 660 3896 sos
742 3823 1096 3898 centn-ales
1172 3819 1521 3896 dixerim.
1669 3819 1965 3899 Allium
2050 3824 2259 3924 Cepa
2318 3824 2571 3902 'aliae-

537 3958 695 4034 que
743 3934 1059 4034 species.

726 4049 1030 4127 Bulbus
1090 4048 1389 4127 florens
1451 4074 1621 4127 non
1669 4051 2087 4132 exhaustus
2134 4051 2221 4126 in
2268 4051 2574 4130 ambitu
