2843 4800
1155 354 1493 436 rto-s·
2204 312 2357 432 291

296 580 382 632 se
429 568 643 631 recta
693 566 898 643 sunt,
921 562 1199 644 torta,-
1196 553 1641 699 spiraliter
1654 565 1858 630 torta
1891 554 2350 655 'praesertim

293 681 480 773 post
527 664 1186 745 florescentiarn.·
1446 693 1451 702 ⁴
1503 730 1508 733 .
1612 706 1614 709 .
1684 723 1741 732 ..
2024 702 2032 735 2
2250 698 2254 704 ·
2344 700 2356 706 ⁷

485 787 647 862 Aut
693 782 1052 884 aequalia
1103 795 1306 869 sunt,
1360 788 1497 857 aut
1540 731 2028 883 inaequalia.
2077 719 2347 880 Didy⁴

291 923 560 988 nama,
621 896 1113 995 tridynama‚
1137 893 1740 997 -pentadynama
1802 911 2245 986 vocantur,
2241 900 2348 976 si·

287 1026 455 1089 tam·
514 1009 850 1110 majora,
917 1034 1163 1113 quam
1223 1011 1542 1086 minora
1603 1009 1943 1085 inter-se
1989 1010 2347 1113 aequalia

292 1142 478 1202 sunt
544 1152 690 1200 nec
754 1150 918 1200 non
990 1140 1108 1198 tot
1160 1124 1457 1220 majora
1511 1139 1709 1224 quot
1759 1124 2067 1200 minora
2119 1151 2341 1228 repe-s

288 1242 632 1316 riuntur.-
676 1238 1286 1335 Tetradynamas
1321 1240 1711 1312 Linnaeus
1745 1240 2047 1314 vocavit
2079 1243 2337 1316 stami-

290 1356 528 1428 nibus
580 1368 922 1454 quatuor
973 1350 1435 1448 majoribus,
1489 1352 1807 1426 duobus
1869 1354 2335 1446 minoribus,

292 1468 434 1542 sed
498 1482 682 1540 sunt
742 1492 1070 1567 quoque
1120 1490 1298 1540 vere
1347 1464 1879 1562 tetradynama
1931 1470 2045 1542 uti
2097 1470 2331 1566 tridy-

292 1608 544 1668 nama,
600 1606 656 1654 e.
708 1604 772 1678 g.
826 1582 1160 1680 Daphne
1214 1594 1349 1654 etc.
1455 1586 1807 1666 Sursum,
1861 1580 2337 1660 deorsumve

294 1694 896 1794 deliquescentia
966 1696 1371 1780 dicuntur,
1449 1720 1651 1794 quae
1725 1720 2039 1770 sursum
2105 1696 2337 1772 deor-

288 1834 562 1882 sumve
610 1808 942 1882 minora.

474 1926 566 1998 In
620 1922 1112 1998 florescentia
1164 1924 1411 2020 magis
1459 1924 1821 1996 minusve
1865 1938 2335 2012 excrescunt,

282 2060 510 2136 saepe
562 2038 858 2112 corolla
912 2038 1270 2134 longiora
1308 2038 1531 2124 fiunt,
1566 2040 1757 2112 inte1
1775 2038 1969 2112 dum
2011 2040 2331 2114 inclusa.

278 2152 898 2252 Proportionem
987 2178 1170 2226 cum
1258 2152 1481 2226 floris
1567 2152 1997 2224 directione
2081 2166 2333 2228 erecta

284 2282 418 2342 aut
490 2280 816 2340 nutante
892 2268 1310 2340 convenire
1385 2268 1777 2342 Linnaeus
1861 2280 2335 2354 auctorest,

282 2394 360 2454 at
406 2406 572 2454 non
624 2406 936 2480 semper
984 2378 1070 2452 id
1124 2380 1421 2454 accidit.

286 2624 488 2711 170.
613 2624 1026 2711 Anthera
1112 2634 1505 2711 constat
1581 2650 1631 2709 e
1715 2620 2105 2709 duobus
2191 2620 2325 2709 lo-

406 2761 646 2853 culis
690 2763 1030 2879 pollen
1080 2761 1829 2849 continentibus
1899 2771 1995 2847 et
2053 2761 2323 2847 emit-

396 2901 862 2991 tentibus

474 3075 876 3147 Structura
964 3071 1327 3145 antherae
1424 3081 1539 3141 est
1626 3067 2322 3167 parenchymatosa

280 3198 416 3259 aut
482 3187 1268 3287 prosenchymatosa,
1347 3181 1645 3257 cellulis
1721 3197 1833 3257 sat
1897 3179 2203 3277 magnis
2277 3201 2323 3255 e

175 3382 179 3386 ,
274 3301 736 3375 membrana
798 3301 1016 3375 tenui
1090 3297 1585 3385 constructis,
1663 3295 2091 3371 interstitiis
2155 3319 2323 3369 ma-

274 3415 502 3487 ximis
564 3439 792 3513 saepe
846 3415 1210 3489 coloratis
1258 3429 1349 3487 ut
1397 3415 1479 3485 in
1531 3411 1837 3487 Muscis,
1941 3405 2319 3483 Fasciculi

274 3529 558 3625 liguosi
626 3529 1004 3615 rariores,
1068 3531 1306 3603 unico
1377 3541 1683 3599 tantum
1735 3525 1819 3597 in
1873 3523 2153 3625 quovis
2203 3521 2320 3597 lo-··

274 3643 458 3717 culo
540 3669 684 3743 per
766 3639 930 3737 ejus
1004 3641 1585 3739 longitudinem
1665 3639 2161 3723 decurrente,
2245 3649 2321 3711 et

270 3756 574 3865 raphen
640 3757 1252 3857 (trophopollen
1327 3755 1533 3829 male
1585 3781 1623 3827 a
1679 3755 2041 3851 Turpino
2093 3773 2319 3845 voca·-

270 3869 478 3963 tam)
556 3871 1112 3957 constituente,
1178 3895 1407 3971 saepe
1475 3893 1799 3969 quoque
1853 3861 2324 3939 oblitterato*

272 3985 396 4171 Al?
468 3983 796 4085 pollinis
872 4009 1105 4083 grana
1174 3985 1387 4059 enim
1453 3981 1649 4057 nulli
1715 3979 1913 4055 rami
1985 4001 2027 4051 e
2077 3975 2323 4079 raphe

278 4123 312 4171 ‘t
376 4113 584 4173 eunt.

1452 4292 1460 4301 ,
1570 4206 1727 4281 19*
