2843 4800
1178 367 1563 445 romA,
1831 330 1876 408 ἶ
2264 369 2405 461 197

334 562 680 638 recisum
766 563 1008 657 (Aloe
1084 566 1427 662 retusa),
1491 565 1990 651 uncinatum,
2058 562 2401 649 dolabri·

332 675 593 753 forme
647 690 782 751 etc.

525 788 938 865 Interdum
993 790 1544 883 succulentum
1598 806 1712 868 est
1761 790 2068 878 folium,
2120 788 2396 865 simul-

332 929 489 1003 que
539 904 952 988 mutilum,
1008 929 1067 979 e.
1119 929 1185 1005 g.
1222 906 1307 980 in
1344 907 1717 1007 Opuntiis
1755 907 2081 1007 aliisque
2118 906 2390 982 Cactis.
2463 942 2466 945 ·

328 1017 795 1094 Praesertim
846 1018 929 1092 id
980 1017 1155 1094 fieri
1206 1020 1407 1095 solet
1456 1021 1541 1094 in
1595 1019 1949 1094 caulibus
2000 1019 2387 1101 subterra-

329 1131 528 1217 neiS,
582 1155 642 1204 e.
694 1155 760 1228 g.
810 1132 1182 1215 Lathraea
1241 1135 1739 1234 Squamaria,
1794 1131 2141 1209 Oxalide.

519 1244 840 1320 Folium
941 1246 1493 1333 succulentum
1604 1248 2083 1348 plerumque
2196 1270 2382 1321 cum

327 1358 547 1434 caule
598 1357 1057 1434 succulento
1114 1358 1652 1460 conjungitur,
1716 1361 1967 1464 rarius
2021 1384 2204 1434 cum
2258 1384 2379 1435 ex-

324 1497 594 1558 succ0,
649 1496 709 1547 e.
761 1496 827 1569 g.
879 1472 962 1546 in
1013 1475 1414 1549 Passerina
1466 1475 1785 1550 hirsuta.

514 1585 834 1661 Folium
889 1610 1307 1662 exsuccum
1356 1602 1716 1674 vocatur,
1770 1586 1993 1688 quod
2049 1586 2378 1688 diploen

320 1700 558 1775 habet
621 1713 930 1775 auctam
998 1714 1073 1774 et
1135 1725 1560 1777 exsuccam.
1678 1707 1919 1777 Teres
1981 1726 2210 1802 saepe
2264 1715 2380 1777 est

207 1834 215 1845 ·
325 1828 401 1891 et
449 1814 752 1890 caulem
803 1812 1043 1888 refert
1090 1814 1175 1888 in
1224 1817 1489 1891 Iuncis
1542 1814 1904 1916 aphylliS,
1972 1817 2374 1890 semiteres

318 1929 404 2003 in
470 1928 637 2004 aliis
701 1928 925 2004 Iunci
994 1929 1434 2030 speciebuS,
1486 1944 1707 2031 septo
1760 1943 2198 2003 transverso
2254 1926 2374 2003 di·-

315 2044 691 2118 stinctum
753 2043 839 2117 in
898 2043 1162 2118 Iuncis
1228 2044 1669 2118 articulatis
1782 2039 2198 2119 Interdum
2253 2041 2370 2118 di-

315 2157 503 2259 ploe
550 2154 859 2244 fatiscit,
935 2171 1028 2234 ut
1088 2156 1377 2233 solium
1445 2157 1609 2234 iere
1671 2155 2129 2233 fistulosum
2212 2152 2368 2244 fiat,

319 2287 395 2348 et
439 2270 871 2348 biloculare
917 2271 1002 2344 in
1052 2272 1319 2347 Lobel.
1368 2274 1890 2347 Dortmanna.

509 2385 978 2488 Saepissime
1043 2383 1229 2461 folia
1296 2387 1632 2462 scariosa
1683 2411 1825 2461 seu
1878 2383 2149 2487 diploe
2201 2409 2396 2484 eva-fl

312 2499 500 2575 nida
562 2499 798 2574 simul
865 2500 1143 2575 mutila
1210 2516 1397 2576 sunt
1463 2515 1539 2576 et
1586 2500 2116 2578 fuscescentia.
2218 2503 2367 2575 Ta·-

310 2613 415 2686 lia
476 2613 562 2686 in
628 2612 977 2688 caulibus
1043 2614 1570 2689 subterraneis
1646 2637 1814 2688 non
1864 2639 2044 2690 raro
2100 2614 2366 2689 obser-

311 2741 627 2810 vantur;
675 2727 760 2800 in
808 2728 1208 2802 umbrosis
1273 2752 1603 2829 quoque
1666 2741 2112 2802 occurrunt.
2212 2731 2367 2801 Fo-

313 2840 517 2916 lium
582 2864 909 2941 quoque
977 2843 1290 2916 evanuit
1355 2856 1431 2917 et
1492 2841 1605 2915 nil
1668 2840 1821 2915 nisi
1869 2840 2141 2937 vagina
2190 2864 2365 2940 per-

309 2956 526 3043 stitit,
580 2978 643 3031 e.
695 2978 760 3051 g.
797 2955 883 3029 in
917 2953 1365 3030 stolonibus
1402 2956 1695 3031 Caricis
1731 2953 2125 3030 arenariae
2163 2968 2298 3030 etc.

498 3073 592 3144 In
651 3070 1060 3170 Asparagis
1110 3067 1223 3143 nil
1271 3068 1421 3142 nisi
1477 3068 1747 3165 vagina
1813 3067 2118 3153 restitit,
2170 3065 2361 3141 folia

311 3179 745 3258 fasciculata
780 3197 1057 3283 utpote
1081 3181 1584 3284 pedunculos
1609 3196 1956 3256 mutatos
1982 3180 2334 3256 fulciens.

499 3296 818 3373 Folium
891 3327 1282 3375 acerosam
1357 3311 1473 3372 est
1555 3320 2006 3384 exsuccum,
2102 3293 2361 3370 nervis

305 3410 690 3512 parallelis
749 3435 894 3512 per
956 3412 1321 3487 medium
1374 3410 1787 3508 diachyma
1837 3408 2359 3512 percurrenti-

304 3527 485 3613 buS,
554 3540 630 3601 et
690 3525 1071 3627 primario
1139 3539 1459 3626 excepto
1528 3540 1746 3601 extus
1812 3549 1982 3600 non
2050 3522 2360 3623 conspi-

305 3639 489 3713 cuis.
588 3638 1059 3716 Fasciculata
1112 3639 1196 3714 in
1244 3638 1460 3713 Pinis
1510 3640 1657 3714 sibi
1728 3640 2081 3740 apposita
2146 3637 2396 3739 pyxi-·

305 3751 489 3832 dem
559 3754 1083 3842 constituunt,
1152 3752 1406 3853 qualis
1470 3754 1770 3853 integra
1834 3776 2152 3830 ramum
2218 3751 2366 3827 Ca..

303 3868 661 3943 suarinae
743 3868 1015 3966 cingit,
1112 3892 1342 3944 ramo
1424 3863 1511 3944 in
1591 3867 1809 3945 Pinis
1891 3864 2358 3942 oblitterato.

301 3974 520 4057 Folia
570 3981 848 4059 Piceae
897 3996 1084 4063 sunt
1129 3980 1579 4062 fasciculata
1626 3997 1702 4059 et
1752 3991 2117 4058 connata,
