2843 4800
1152 317 1534 393 FOLIA.
1645 386 1650 391 .
2197 318 2345 392 205

286 525 407 599 lia.
525 519 684 598 cfr.
751 517 1267 595 Drummond
1331 518 1556 594 Linn.
1627 520 2018 592 Transact.
2088 523 2175 593 T.
2228 523 2341 596 13.

285 644 365 715 Ρ.
418 642 483 711 1.
536 664 607 738 p.
656 637 774 710 24.
827 648 903 709 et
953 660 1016 708 v.
1067 634 1114 708 i.

422 749 1055 851 Amphigastria
1106 747 1664 869 Hepaticarum
1714 771 1880 821 non
1931 716 2199 821 minus
2241 745 2342 822 ad

284 864 763 968 paraphyllia
814 861 1223 938 referenda
1276 876 1480 935 sunt.

478 986 733 1055 Frons
783 978 1337 1077 Hepaticarum
1386 922 1970 1076 paraphyllium
2011 973 2341 1061 videtur,

287 1093 512 1196 quod
587 1093 895 1169 caulem
967 1088 1318 1193 foliaque
1392 1115 1535 1164 sua
1597 1088 2147 1186 magnitudine
2209 1088 2341 1164 ab-

291 1209 594 1309 sorpsit.

290 1458 493 1550 124.
656 1462 1031 1548 Functzo
1138 1455 1622 1546 foliorum
1740 1470 1889 1546 est
1981 1483 2337 1609 succos

298 1704 304 1709 ⁴
408 1599 871 1725 nutritios
937 1594 1634 1717 praeparandi.

475 1790 789 1862 Bonnet
837 1785 1379 1884 (Recherches
1430 1809 1566 1858 sur
1614 1780 2076 1882 l'usage'des
2109 1736 2337 1860 feuil-

281 1900 393 1976 les
459 1903 849 1999 Goetting.
916 1904 1125 1977 1754.
1187 1900 1299 1995 4.)
1352 1901 1557 1975 hanc
1609 1924 1774 1975 esse
1837 1896 2335 1974 functionem

283 2013 670 2092 foliorum
742 2016 1084 2116 probare
1167 2014 1490 2089 studuit.
1611 2014 1882 2090 Multis
1954 2013 2335 2114 probavit,

281 2129 469 2207 folia
532 2131 917 2206 humores
982 2117 1445 2214 resorbere;¹
1491 2127 1890 2229 superflua
1966 2153 2334 2229 evapora-

278 2248 497 2322 tione
605 2245 963 2320 emittere
1043 2244 1401 2319 Halesius
1482 2241 1801 2341 jamjam
1886 2243 2338 2319 ostenderat

281 2357 720 2459 (Vegetabl.
801 2358 1078 2434 Statics
1156 2362 1342 2460 Exp.
1406 2357 1783 2456 8—30.)‚
1847 2358 1954 2435 ita
2018 2372 2111 2434 ut
2158 2383 2334 2458 per-

282 2477 650 2575 spicuum
700 2487 928 2558 esset,
977 2470 1170 2548 folia
1223 2472 1321 2547 ad
1375 2475 1900 2550 nutritionem
1952 2471 2332 2549 conferre.

287 2588 369 2664 Si
419 2585 634 2661 foliis
681 2587 938 2686 planta
988 2588 1373 2688 privatur,
1426 2603 1848 2688 antequam
1882 2587 2183 2663 fructus
2217 2586 2335 2685 ju-

282 2714 485 2776 stam
548 2699 807 2800 adepti
870 2699 1167 2777 fuerint
1227 2699 1893 2799 magnitudinem,
1968 2702 2051 2776 hi
2124 2700 2333 2776 dela-

277 2817 611 2902 buntur,
689 2839 834 2890 nec
886 2816 986 2892 ad
1051 2817 1584 2896 maturitatem
1646 2817 2134 2918 perveniunt.
2234 2819 2335 2890 Et

275 2930 518 3006 flores
582 2930 707 3005 his
773 2929 1045 3005 ablatis
1105 2955 1394 3031 parum
1442 2929 1982 3030 perficiuntur.
2079 2929 2333 3007 Arbo-

275 3070 402 3119 res
448 3045 658 3120 soliis
712 3043 1030 3120 orbatae
1073 3045 1343 3119 minus
1394 3043 1545 3119 alte
1597 3057 2063 3119 excrescunt.
2166 3044 2333 3141 (Du
2377 3128 2385 3135 ,

274 3159 558 3233 Hamel
606 3159 833 3255 Phys.
887 3156 974 3232 d.
1014 3159 1213 3233 arbr.
1262 3163 1342 3234 L.
1393 3161 1464 3233 2.
1519 3159 1635 3234 ch.
1684 3162 1752 3233 2.
1806 3172 1938 3232 art.
1992 3156 2139 3251 12.)
2244 3157 2326 3232 Si

276 3271 468 3347 folia
541 3270 838 3369 frigore
898 3288 1266 3374 pereunt,
1323 3297 1385 3355 ,e
1447 3272 1783 3371 gemmis
1850 3296 2055 3348 nova
2120 3271 2330 3348 evol-

274 3401 586 3474 vuntur,
636 3401 729 3462 ut
778 3388 953 3476 sint,
1005 3389 1296 3488 quibus
1344 3389 1543 3463 rami
1593 3387 2122 3489 perficiantur,
2158 3412 2331 3463 non

278 3498 576 3600 absque
644 3525 846 3577 noxa
913 3503 1157 3578 totius
1221 3503 1499 3603 stirpis.
1612 3502 1832 3578 Vidit
1889 3502 2328 3602 Knightius,

158 3705 165 3716 ,
273 3611 519 3690 frusta
584 3617 893 3691 corticis
958 3641 999 3691 a
1050 3615 1360 3717 reliquo
1416 3615 1705 3691 cortice
1754 3631 2100 3718 separata
2154 3617 2328 3692 diu-

275 3727 430 3802 tius
480 3729 791 3827 vigere,
828 3730 889 3804 si
941 3726 1233 3805 folium
1285 3728 1525 3803 simul
1574 3730 2011 3830 perstiterit.
2112 3730 2328 3827 (Phi-
2375 3812 2379 3816 ,

275 3836 414 3914 103.
495 3847 888 3918 Transact.
957 3847 1167 3919 1816.
1229 3871 1302 3944 p.
1366 3843 1606 3936 289)
1720 3843 1940 3918 Folia
1992 3844 2328 3939 gemmis

274 3952 645 4032 alimenta
694 3958 1070 4058 praebere
1119 3953 1483 4031 Wolfius
1532 3955 1848 4054 jamjam
1900 3969 2176 4032 auctor
2216 3972 2331 4033 est

272 4067 408 4164 (V.
464 4068 538 4144 d.
588 4075 902 4146 Nutzen
940 4069 1028 4146 d.
1082 4053 1473 4167 Theile§.
1522 4074 1688 4146 249.
1738 4069 1979 4166 256..)
