2843 4800
918 301 1633 411 onETA‘rl'o.
2145 333 2292 408 381

362 541 365 544 “
446 534 571 614 Ad
657 521 1059 636 principia
1126 519 1291 607 ista?
1351 527 1758 633 peregrina
1838 525 2296 631 praesertim

247 649 679 753 pertinent,
746 648 1125 722 carbonas
1184 637 1479 721 kalicus
1547 660 1622 722 et
1694 646 2067 734 nati-icus,
2138 645 2295 721 sul-

245 766 451 868 phas
514 761 847 848 kalicuS‚
928 760 1170 835 nitras
1233 760 1561 849 kalicuS,
1615 759 2054 835 carbonas
2074 758 2298 834 calci-

151 903 153 905 ·
251 905 405 956 cus
462 893 541 955 et
597 874 1122 973 magnesicus,
1164 874 1587 1005 phosphas
1639 863 2012 960 calcicus,
2079 874 2295 968 chlo·

245 1009 518 1070 retum
587 990 774 1066 kalii
848 1003 925 1064 et
993 988 1257 1076 natrii,
1348 986 1699 1084 oxydum
1739 988 2297 1108 aluminicum,

250 1108 674 1192 silicicum,
708 1097 1105 1191 ferricum,
1151 1102 1747 1240 manganicum;
1795 1103 2076 1179 rarius
2096 1127 2296 1212 quo-

251 1246 411 1326 que
462 1217 995 1321 phosphorus.

443 1330 1018 1435 Experimentis
1107 1335 1489 1407 Saussure
1574 1329 1937 1431 probavit
2002 1329 2295 1429 (Rech.

238 1448 377 1524 ch.
426 1446 545 1544 9.)
590 1445 973 1546 'principia
1024 1445 1369 1520 chemica
1417 1446 1503 1519 in
1554 1445 1729 1520 solo
1782 1444 2011 1521 obvia
2062 1446 2297 1520 etiam

248 1562 351 1636 in·
403 1560 797 1635 cineribus
854 1558 1300 1660 plantarum
1379 1583 1761 1660 apparere·
1837 1583 2038 1660 quae
2083 1558 2297 1633 huic

254 1674 435 1749 solo
503 1674 1126 1749 innascebantur.
1261 1673 1738 1748 Mutationes
1817 1665 2083 1748 tamen
2166 1665 2340 1747 suss‘

250 1788 507 1864 beunt
569 1787 988 1874 chemicaS,
1051 1811 1095 1862 e
1155 1786 1452 1863 viribus
1511 1785 1897 1884 organicis
1943 1784 2297 1888 penden-

250 1916 403 1991 te5‚
456 1901 574 1977 uti
628 1914 901 1976 auctor
948 1901 1115 2002 ipse
1165 1901 1545 1977 concedit.

252 2005 259 2012 ’
407 2019 632 2092 ·Non
681 2014 969 2090 minus*
1000 2016 1212 2091 John
1267 2016 1508 2114 (Ueb.
1562 2012 1636 2089 d.
1683 2013 2156 2110 Ernahrung
2220 2010 2295 2088 d.

247 2127 663 2207 Pflanzen.·
773 2130 971 2205 Berl.
1057 2134 1264 2206 1819.
1351 2134 1546 2205 Sect.
1630 2134 1695 2203 1.
1771 2143 1847 2204 et
1914 2129 2061 2227 2.).
2102 2127 2300 2203 vidit

249 2243 504 2318 multa
566 2242 752 2318 salia
816 2269 858 2319 a
919 2243 1314 2320 radicibus
1386 2257 1729 2345 recepta,
1802 2267 2032 2344 saepe
2105 2261 2294 2317 vero

247 2369 586 2445 mutata,
637 2373 701 2434 e:
749 2380 816 2456 g.
867 2369 1183 2434 natrum
1228 2361 1314 2434 in
1364 2348 1519 2435 kali
1569 2359 1686 2461 (p.
1736 2355 1967 2454 167.).

450 2472 763 2566 Quibus
823 2496 1151 2573 quoque
1217 2472 1407 2547 aliae
1489 2472 1706 2548 addi.
1746 2482 2083 2573 possunt
2155 2467 2297 2542 ob·-

253 2585 732 2665 servationes
796 2600 912 2661 sat
974 2600 1228 2660 notae.
1337 2585 1655 2661 Plantae
1701 2586 1789 2659 in
1837 2579 2298 2660 locis-salsis

256 2712 688 2776 crescentes
747 2713 1058 2775 tantum
1126 2699 1303 2789 salis
1365 2697 1803 2785 continent,
1867 2710 1960 2772 ut
2019 2716 2300 2793 sapore

170 2844 175 2861 ¹
256 2814 653 2890 sentiatur.
762 2816 864 2890 Et
909 2826 1227 2888 natrum
1275 2813 1654 2913 praebent
1697 2810 2145 2911 plantarum
2195 2807 2298 2881 ci-

254 2942 486 3004 neres
533 2928 730 3005 locis
779 2927 996 3003 salsis
1023 2928 1584 3014 crescentium,
1632 2938 1725 2999 ut
1756 2923 2097 2999 dubium
2130 2944 2299 2995 non

258 3039 393 3126 sit,
440 3055 761 3117 nan-um
810 3065 853 3116 e
904 3036 1257 3117 chloreto
1308 3039 1539 3115 natrii
1590 3061 1756 3114 esse
1812 3035 2301 3138 productum

261 3151 541 3228 chloro
591 3154 667 3228 vi
722 3155 1088 3254 organica
1139 3155 1559 3231 destructo,

462 3270 664 3340 Sunt
709 3293 896 3345 vero
950 3270 1096 3347 alia
1149 3269 1673 3372 experimenta
1720 3264 1845 3342 his
1896 3256 2299 3339 contraria.

263 3379 750 3487 Schraderus
829 3383 1232 3461 hordeum
1307 3397 1384 3459 et
1456 3381 1726 3458 secale·
1774 3379 1862 3455 in
1921 3376 2302 3479 sulphure

262 3493 691 3569 sublimato
756 3493 962 3572 bene
1022 3498 1232 3573 eloto
1300 3509 1457 3572 sata
1524 3511 1624 3572 et·
1660 3519 1877 3596 aqua,
1925 3490 2303 3569 destillata

261 3608 574 3705 irrigata
639 3609 927 3706 analysi
993 3610 1388 3686 chemicae
1449 3609 1808 3708 subjecit,
1875 3621 1952 3683 et
2012 3620 2304 3682 terram

265 3722 646 3811 siliceam,
698 3723 1119 3798 calcaream
1172 3738 1247 3799 et
1292 3725 1793 3821 magnesiam,
1840 3736 2015 3797 tum
2051 3718 2304 3816 oxyda

263 3832 450 3910 ferri
488 3850 562 3913 et
591 3828 1071 3935 manganesii
1105 3839 1190 3913 in
1227 3839 1617 3914 cineribus
1652 3838 1967 3913 invenit.
2036 3833 2301 3912 Culmi

263 3946 350 4021 in
414 3950 671 4029 humo
736 3977 967 4028 more
1029 3954 1263 4029 solito
1294 3984 1299 3993 “
1332 3953 1635 4030 educati
1700 3975 1868 4027 non
1907 3948 2333 4049 majorem,
2423 3994 2426 3999 ·

272 4061 628 4144 cinerum
704 4068 1016 4174 copiam
1085 4067 1647 4172 praebuerunt,
1722 4091 1964 4167 quam
1999 4066 2301 4169 quiin
