2843 4800
485 318 588 393 88
1130 313 1884 394 STRUCTURA.

492 526 571 591 et
630 511 1038 601 tuberum,
1087 490 1256 587 non
1309 509 1598 589 desunt
1644 535 1831 586 vero
1884 510 1968 585 in
2019 511 2345 611 reliquis
2399 511 2549 588 cel-

489 625 673 705 lulis
706 625 1542 728 tamtparenchymatiS,
1577 650 1820 726 quam
1852 627 2549 726 proseuchymatiS.

493 740 832 818 Cellulas
871 767 1034 816 esse
1060 741 1412 816 minores
1442 740 1638 816 olim
1669 738 2172 840 Sprengelius
2214 741 2553 817 credidit

494 856 603 953 (v.
668 857 727 952 ἓ.
796 856 945 952 1.),
1010 880 1226 930 nunc
1311 880 1355 929 e
1438 853 1784 952 granulis
1851 854 2131 953 solutis
2197 853 2551 932 formare

494 969 810 1044 cellulas
859 984 1082 1070 putat
1132 971 1377 1068 (Vom
1428 974 1595 1045 Bau
1648 968 1721 1043 d.
1760 973 1969 1045 Gew.
2004 996 2077 1069 p.
2114 970 2263 1066 75‚)
2300 995 2548 1070 quem
2591 1030 2594 1035 .

493 1084 853 1184 sequitur
917 1083 1390 1160 Treviranus
1460 1085 1759 1182 (Beytr.
1824 1111 1898 1185 p.
1948 1084 2253 1181 2—7),
2302 1083 2550 1186 'quod

492 1195 900 1274 interdum
949 1195 1122 1272 fieri
1175 1223 1344 1273 non
1394 1222 1624 1295 nego,

689 1311 1035 1387 Granula
1099 1311 1668 1409 mucilaginosa
1728 1313 1815 1389 in
1878 1313 2245 1389 Althaeae
2288 1311 2553 1389 radice

493 1424 655 1500 vidi
738 1425 1115 1520 (Grundl.
1198 1454 1271 1527 p.
1354 1430 1515 1523 34.)
1607 1442 1683 1503 et
1765 1427 2125 1504 alcohole
2201 1428 2549 1528 separavi

495 1539 1034 1638 (Schweigger
1078 1544 1356 1616 Journ.
1406 1540 1460 1616 f.
1513 1542 1786 1619 Chem.
1839 1545 2040 1618 XIII.
2091 1569 2163 1642 p.
2218 1545 2420 1638 186.)

693 1655 1038 1730 Granula
1104 1657 1455 1733 resinosa
1535 1664 1865 1758 quoque
1950 1656 2273 1744 adsunt,
2362 1679 2554 1731 nam

496 1768 1144 1870 chlorophyllum
1218 1796 1483 1873 saepe,
1562 1785 1638 1847 et
1722 1771 1842 1846 uti
1925 1770 2240 1848 videtur
2319 1769 2548 1844 initio

494 1906 810 1985 semper
858 1885 1181 1983 granula
1233 1885 1544 1961 format.

686 2000 1285 2077 Membranacea
1344 1998 1667 2097 granula
1738 1998 1918 2075 dico
1981 2025 2150 2076 non
2195 1998 2301 2074 ob
2366 2023 2555 2073 con-

492 2112 943 2204 sistentiam,
994 2114 1136 2191 sed
1187 2115 1295 2191 ob
1342 2112 1704 2188 indolem
1758 2115 2214 2203 chemicam,
2250 2139 2435 2189 cum
2469 2115 2554 2188 in

494 2248 698 2329 aqua
745 2240 908 2302 tam
976 2228 1256 2318 calida,
1308 2252 1550 2331 quam
1600 2226 1883 2327 frigida
1936 2243 2013 2304 et
2060 2230 2142 2304 in
2195 2227 2555 2304 alcohole

493 2363 663 2415 non
713 2341 1135 2420 solvantur.
1248 2347 1426 2424 Huc·
1488 2341 1798 2433 reser0,'
1848 2368 2052 2445 quae
2102 2368 2338 2446 supra
2391 2343 2552 2443 (5⁰)

488 2453 849 2532 indicavi.

422 2763 427 2770 ,
499 2658 645 2746 55.
767 2659 1127 2749 Meatus
1211 2664 1895 2751 thiercellulares
1978 2659 2553 2778 saepissime

619 2807 1093 2888 materiam·
1157 2835 1673 2921 grumosam
1751 2802 2312 2901 continent,
2407 2802 2559 2888 du-

626 2955 816 3028 ctus
896 2945 1581 3033 zhtercellulares
1672 2949 2136 3033 materiam
2205 2973 2559 3057 grumo-

619 3112 817 3170 sam
876 3076 1616 3174 fluidiusculam
1680 3095 1850 3170 aut
1913 3083 2484 3199 crystalluloe.

692 3252 1018 3329 Materia
1089 3277 1466 3351 grumosa
1540 3250 1991 3355 saepissime
2075 3250 2557 3349 dignoscun-

500 3374 634 3440 tur
703 3362 829 3438 isti
913 3381 1220 3443 meatus
1293 3368 1500 3442 inter
1562 3366 1879 3445 cellulas
1926 3365 2557 3470 parenchymatis

503 3489 583 3552 et
626 3475 809 3552 libri
856 3481 1130 3581 positi,
1184 3480 1315 3558 cfr.
1368 3481 1577 3581 (48).

694 3593 1114 3670 Interdum
1206 3620 1536 3672 succum
1644 3608 2002 3673 tenacem
2109 3594 2558 3672 coloratum

498 3710 960 3808 praesertim
1020 3709 1317 3788 ssavum
1386 3725 1465 3787 et
1521 3709 1839 3787 fuscum
1888 3712 1973 3785 in
2020 3709 2236 3786 hisce
2284 3710 2559 3785 meati-

501 3822 655 3898 bus
727 3826 1200 3930 conspicies,
1272 3840 1365 3903 ut
1436 3827 1522 3902 in
1594 3825 1958 3912 bracteis,
2042 3825 2298 3924 strigis
2371 3822 2560 3898 Fili-

506 3962 699 4020 cum
744 3956 883 4018 etc.
1007 3948 1231 4020 Tum
1286 3965 1619 4044 quoque
1681 3937 2006 4016 cellulae
2041 3938 2268 4040 ipsae
2320 3936 2557 4084 deco-

506 4051 717 4131 lores
766 4056 1494 4159 deprehenduntur.
1957 4096 1962 4100 ·
