2843 4800
475 333 572 407 10
834 358 840 375 ¹
1032 334 1159 413 m
1178 330 1421 419 TR'o'
1441 341 1510 415 D
1529 338 1600 421 U
1620 341 1681 419 C
1699 340 1935 422 T‘I‘O.

470 530 616 607 rite
648 530 1281 612 determinandis
1327 539 1705 617 terminis.
1790 540 2134 630 Primus,
2184 541 2337 643 qui·
2355 555 2509 619 ter-

389 645 408 669 '
467 647 735 754 minos
782 648 1196 725 botanicos
1243 648 1451 727 hene
1502 653 1904 733 constituit
1952 669 2030 732 et
2089 654 2508 756 explicavit,

465 758 620 834 fuit
703 762 957 838 Ioach.
1044 764 1370 862 Iungius
1464 766 1872 864 (Isagoge-
1928 768 2504 870 phytoscopica.

465 874 744 949 Hamh.
797 879 1007 951 1697.
1056 878 1123 950 4.
1177 877 1518 976 Coburg.
1572 882 1779 956 1747.
1827 881 1963 977 4.).
2076 887 2338 977 Quem
2387 906 2506 957 se·

466 1003 692 1063 cutus
742 1001 857 1063 est
900 990 1062 1065 Ioh.
1115 992 1366 1099 Rajus
1444 992 1832 1089 (Historia
1878 994 2325 1095 plantarum
2373 1017 2504 1093 ge·

439 1100 764 1176 ’neralis.
847 1102 1099 1179 Lond.
1188 1107 1398 1180 1693.
1464 1102 1601 1179 fol.
1677 1110 1767 1182 Τ.
1846 1107 1960 1205 1.)
2040 1107 2548 1208 multosque,

458 1214 843 1292 terminos
917 1242 958 1293 a
1031 1217 1316 1315 Iungio
1393 1219 1862 1295 constitutos
1925 1243 2103 1295 ·non
2152 1233 2503 1297 mutatos

456 1329 836 1405 retinuit·
898 1334 1123 1406 Tum
1183 1331 1612 1420 Linnaeus,
1675 1329 1898 1430 cujus
1961 1332 2354 1410 momenti
2402 1331 2505 1406 sit

460 1443 1053 1543 Terminologia
1124 1445 1210 1520 in
1286 1445 1755 1548 corporibus
1816 1446 2303 1523 naturalibus
2364 1444 2502 1521 de-

457 1556 889 1632 scribendis
949 1582 1118 1633 non
1182 1558 1447 1635 solum
1528 1559 1882 1656 agnovit,
1958 1559 2099 1637 sed
2150 1582 2508 1663 quoque,
2630 1599 2634 1603 ·

432 1693 613 1769 *qua
663 1669 940 1749 solitus
990 1685 1169 1760 erat,
1219 1671 1529 1770 energia
1577 1673 2116 1773 pronuntiavit
2171 1674 2496 1771 (Philos.

453 1783 716 1859 hotan.
766 1787 826 1883 g.
875 1784 1106 1881 201.)
1206 1787 1630 1862 Terminos
1681 1804 2008 1888 quoque
2054 1787 2141 1860 in
2201 1786 2497 1862 Zoolo-

455 1897 662 1996 giam
710 1897 1166 1986 introduxit,
1215 1913 1640 1999 praeeunte
1673 1899 1999 2000 quidem
2033 1898 2174 1975 sed
2204 1924 2494 2000 parum

455 2025 807 2088 accurate
853 2012 1210 2088 Iohanne
1259 2009 1478 2109 Rajo.
1575 2016 1765 2088 Post
1809 2013 2247 2089 Linnaeum
2300 2017 2493 2088 Ter-

450 2124 886 2222 minologia
959 2127 1348 2202 Historiae
1429 2124 1799 2201 naturalis
1882 2139 1957 2203 et
2032 2125 2492 2226 praesertim

448 2238 859 2315 Botanices
917 2239 1150 2319 valde·
1209 2237 1505 2317 exculta
1573 2252 1703 2313 est.
1813 2243 2260 2327 Wernerus
2331 2238 2492 2340 pri-

449 2377 633 2429 mus
721 2352 1276 2454 Mineralogiae
1372 2353 1756 2430 terminos
1815 2351 2060 2430 dedit
2136 2366 2497 2429 accurate

451 2467 900 2568 descriptos,
1011 2469 1243 2564 (Von
1303 2468 1465 2543 den
1530 2465 2043 2543 {iusserlichen
2105 2467 2488 2546 Kennzei-

449 2582 652 2658 chen
704 2580 847 2657 der
890 2582 1293 2658 Fossilien·.
1341 2582 1598 2683 Leipz.
1648 2583 1859 2657 1774.
1931 2580 2067 2677 8.).

645 2700 848 2772 Sunt
906 2721 1100 2771 vero
1146 2695 1463 2771 termini
1513 2695 1660 2771 toti
1708 2694 2096 2771 Historiae
2151 2696 2486 2773 naturali

449 2834 920 2887 communes
986 2810 1085 2885 ah
1152 2808 1335 2906 aliisi·
1370 2808 1935 2907 distinguendi,
2003 2810 2140 2913 qui
2192 2810 2484 2885 Zoolo-

447 2925 647 3024 giae,
694 2925 1111 3001 Botanicae
1162 2937 1307 3001 aut.
1341 2922 1900 3021 Mineralogiae
1946 2922 2482 3023 propriisunt.

444 3040 566 3117 Ab
631 3040 755 3115 his
817 3037 1177 3142 plerique
1237 3039 1659 3141 incipiunt,
1722 3050 1798 3110 et
1844 3032 2283 3131 generalem
2331 3047 2485 3118 ter·x
2577 3079 2587 3090 ·

446 3153 858 3229 minorum
922 3153 1571 3230 constitutionem
1635 3147 2067 3243 negligunt,
2120 3171 2323 3247 quae
2369 3162 2482 3224 ta-
2562 3145 2565 3147 ’

443 3280 634 3342 men
684 3266 1100 3367 specialem
1151 3265 1496 3340 omnino·
1535 3258 2002 3363 praecedere
2052 3258 2302 3339 dehet.

641 3379 917 3455 Solent
1004 3401 1336 3479 quoque
1405 3378 1792 3452 Auctores
1857 3376 2243 3452 terminos
2313 3402 2486 3477 pno.

445 3491 769 3590 singulis
841 3503 1150 3567 tantum
1222 3490 1574 3592 partibus
1626 3488 2160 3565 determinare
2221 3489 2488 3566 modo·

442 3607 713 3700 minus
808 3618 1012 3706 apto.
1158 3604 1579 3685 Terminos
1673 3604 2049 3685 omnibus
2097 3603 2477 3703 ‚partibus

444 3722 752 3823 plantae
814 3744 1284 3795 communes
1356 3744 1398 3794 a
1470 3717 1794 3819 reliquis
1859 3716 2205 3816 singulae
2276 3716 2474 3818 parti

442 3834 783 3936 propriis
844 3831 1237 3932 sejunctos
1298 3833 1686 3933 proposui
1735 3832 1831 3906 in
1919 3825 2476 3931 Philosophiae

442 3950 852 4026 botanicae
898 3939 1398 4026 Prodromo.'
1426 3943 1680 4023 Goet't'.
1716 3949 1924 4022 1797.
1970 3971 2044 4048 p.
2092 3951 2160 4022 9.
2202 3970 2206 3974 ·
2258 3948 2474 4019 Tum

441 4083 629 4140 vero
711 4063 972 4162 Illiger
1041 4085 1210 4140 non
1283 4060 1551 4150 solum
1615 4059 2055 4137 terminos·
2098 4055 2480 4134 omnibus
