2843 4800
370 346 375 352 ’
446 398 459 406 .
547 314 700 392 260
1401 313 1722 390 FLOS.
1813 414 1815 418 μ

448 578 451 579 ⁷
494 504 1040 633 positionem
1131 533 1568 585 nervorum
1666 480 2220 585 distributione
2302 469 2626 594 studet..

496 604 920 703 medium
970 622 1185 700 enim
1237 621 1607 712 deficere,
1657 622 2007 699 laterales
2060 620 2267 698 duos
2316 618 2640 705 fortio-2

458 816 465 829 ,
498 762 678 816 .res
754 761 949 824 esse,
1026 762 1267 838 quam
1336 737 1520 812 alias
1582 734 1856 814 solent.
1957 739 2067 812 At
2112 758 2279 810 non
2328 734 2603 811 insoli-

544 867 743 947 tum,
781 864 911 938 est,
962 875 1245 926 nervos
1293 849 1379 923 in
1429 849 1750 925 valvulis
1804 849 2272 925 Graminum
2319 848 2427 923 ibi
2466 847 2603 924 de-

485 1025 493 1033 .
548 954 877 1041 biliores
937 960 1146 1049 fieri,
1218 962 1414 1062 quin
1481 987 1967 1050 evanescere,
2035 962 2175 1038 ubi
2227 963 2397 1037 aliis
2444 961 2604 1036 val-

489 1069 512 1093 ⁹
556 1077 760 1154 vulis
821 1077 1002 1152 tecti
1067 1074 1392 1162 fuerint,
1459 1089 1535 1151 et
1596 1076 1858 1152 subito
1940 1075 2352 1172 crassiores
2429 1098 2602 1150 eva-

561 1191 783 1278 dere,
843 1189 986 1266 ubi
1051 1213 1219 1264 non
1279 1187 1461 1262 tecti
1530 1202 1963 1286 emergant,
2025 1188 2250 1290 quod
2310 1186 2396 1262 in
2444 1188 2602 1263 val-

469 1367 474 1375 .
560 1305 736 1382 vula
804 1302 1181 1379 exteriore
1246 1301 1590 1377 corollae
1652 1301 1976 1393 Hordei*
2012 1299 2240 1377 facile
2291 1302 2600 1402 conspi-

559 1419 777 1495 citur.
875 1421 965 1493 In
1004 1415 1287 1515 ,vagina
1335 1440 1601 1490 ramea
1666 1440 1852 1491 vero
1909 1414 2255 1490 dorsum
2329 1414 2596 1492 culmo

557 1534 1030 1632 impressum
1061 1542 1191 1615 est,
1222 1528 1442 1604 unde
1467 1529 1684 1604 nervi
1730 1528 1974 1624 medii
2025 1528 2597 1629 disparuerunt.

556 1642 1025 1724 Addiderim
1090 1640 1313 1742 quod
1370 1668 1553 1718 vera*
1596 1643 1916 1719 coalitio
1964 1641 2435 1743 plerumque
2483 1666 2598 1718 se-

561 1772 882 1856 gmento
935 1781 1271 1831 nervoso
1324 1780 1471 1831 nec
1522 1756 1838 1833 enervio
1892 1754 2030 1831 fiat
2079 1754 2258 1853 (cfr.
2310 1760 2470 1831 158.
2524 1768 2600 1830 et

560 1872 773 1987 162.)
869 1870 1157 1946 Nescio
1213 1894 1353 1943 cur
1426 1870 1665 1944 situm
1714 1869 2112 1945 lateralem
2164 1881 2598 1966 tegmento-

483 2062 522 2082 „
556 2010 742 2061 rum
809 1999 885 2059 et
943 1982 1806 2112 Monocotyledonibus
1889 1983 2074 2058 velis
2154 1980 2599 2071 obtrudere,
2640 1991 2644 1999 ’

559 2122 701 2173 cur
747 2094 1070 2171 tandem
1130 2096 1489 2193 vag-inam
1552 2082 2162 2203 vulgatissimam
2211 2102 2598 2173 Monoco-

555 2208 1026 2318 tyledonum
1093 2205 1439 2284 formam
1498 2209 1583 2283 in
1648 2208 1843 2285 duas
1908 2209 2099 2286 velis
2162 2208 2597 2311 discerpere

555 2334 812 2424 partes
862 2320 1229 2397 laterales.

746 2436 886 2511 Est
936 2435 1213 2536 itaque
1290 2435 1622 2513 valvula
1679 2437 2013 2513 exterior
2065 2453 2252 2532 ‚tam
2303 2438 2594 2537 calycis,

557 2571 801 2649 quam
868 2549 1209 2625 corollae
1273 2552 1746 2627 Graminum
1820 2576 1998 2627 vera
2056 2552 2366 2627 bractea
2420 2577 2595 2627 ana-

549 2660 732 2758 loga
780 2658 978 2737 folio
1030 2660 1418 2748 fulcienti;
1470 2663 1768 2740 valvula
1815 2665 2148 2741 interior
2195 2689 2379 2740 vero
2432 2680 2595 2739 tam

550 2772 848 2870 calyciS,
915 2775 1156 2884 quam
1224 2777 1568 2872 corollae
1633 2779 1862 2856 altera
1915 2782 2218 2855 bractea
2269 2777 2595 2875 analoga

472 2903 475 2906 ’
550 2887 871 2984 vaginae
935 2914 1246 2966 rameae
1298 2905 1374 2967 et
1421 2892 1786 2968 similiter
1832 2890 2179 2966 valvulae
2231 2891 2593 2966 exteriori

551 3002 949 3102 opposita,
998 3004 1118 3079 uti
1166 3005 1441 3103 vagina
1479 3013 1752 3081 'ramea
1801 3002 1998 3079 folio
2025 3002 2410 3080 'fulcienti'
2451 3032 2591 3108 op·

545 3115 803 3230 posita
858 3123 1024 3193 esse
1075 3118 1292 3195 solet.

582 3229 587 3238 ⁴
734 3230 1175 3304 Naturalis
1207 3244 1793 3325 tegmentorum
1867 3204 2061 3305 situs
2127 3246 2272 3320 est,
2333 3232 2411 3307 si
2475 3246 2585 3307 te-

541 3354 956 3456 ginentum
1042 3343 1418 3424 extimum
1498 3342 1581 3416 in
1641 3342 1876 3419 axilla
1950 3341 2142 3421 folii
2197 3344 2584 3421 fulcientis

526 3453 900 3549 emergit,
950 3470 1043 3530 ut
1088 3455 1170 3529 in
1228 3454 1629 3532 SalicibuS.
1731 3463 2355 3556 Tegmentorum
2389 3460 2584 3534 situs

537 3561 869 3642 lateralis
936 3567 1216 3668 procul
1284 3567 1533 3645 dubio
1606 3573 1953 3648 exoritur
2003 3575 2187 3674 quia
2232 3584 2584 3671 tegmen·

536 3693 712 3755 tum
752 3678 1143 3754 extimum
1196 3686 1511 3759 evanuit
1559 3710 1599 3760 a
1644 3682 1841 3763 solio
1876 3686 2227 3763 fulcienti
2267 3710 2583 3786 oppres-

472 3813 733 3870 Qum.
800 3795 1046 3868 Tum
1099 3796 1358 3897 spirali
1411 3797 1665 3873 modo
1717 3814 1809 3875 ut
1851 3800 2114 3875 solent
2159 3799 2381 3906 folia,
2450 3797 2581 3874 ad

531 3881 932 3983 scendunt
976 3915 1393 4006 tegmenta.-
1511 3915 1856 4020 Quaeres
1915 3938 2061 3988 cur
2110 3902 2208 3988 in
2274 3912 2577 3988 Grami-

528 4016 766 4095 nibus
838 4020 1112 4119 vagina
1185 4048 1450 4101 ramea
1525 4026 1889 4126 opposita
1966 4026 2064 4102 sit
2150 4024 2347 4102 folio
2420 4023 2573 4101 ful·
2671 4109 2674 4112 ,
