2843 4800
472 312 627 387 182·
900 312 904 316 ⁴
1301 301 1756 388 FOLIAJ,

468 536 531 585 5.
580 511 1020 587 lunulatum
1076 505 1361 581 sinum·
1399 504 1857 586 obtusatum
1927 502 2133 584 inter
2177 504 2537 602 angulos

478 636 860 710 acutatOS,
906 622 1349 720 sagittatum
1398 618 1667 693 sinum
1720 631 2117 693 acutatum
2151 617 2359 694 inter
2399 644 2535 694 an-

475 736 707 834 gulos
789 748 1196 820 acutatos‚
1260 721 1659 835 τεηιΪοτητε
1735 734 2004 808 sinum
2071 731 2536 848 obtusatum

478 852 683 927 inter
731 848 1063 946 angulos
1115 846 1545 922 obtusatos.
2065 872 2072 876 ·

670 962 1123 1038 Foliorum
1172 961 1612 1037 incisarum
1695 956 2187 1038 differentiae
2260 983 2538 1037 secun-

480 1055 679 1152 dum
717 1074 1237 1152 directionem
1272 1075 1602 1151 sinuum
1633 1073 1909 1149 variae.
1995 1074 2078 1150 Si
2112 1074 2336 1151 sinus
2367 1099 2539 1151 ver-
2631 1085 2642 1093 “

479 1215 613 1265 sus
662 1189 1056 1291 petiolum
1105 1201 1629 1287 convergunt,
1680 1188 1925 1264 hahes
1961 1187 2268 1265 solium
2318 1188 2537 1267 loba-

481 1319 649 1380 tum
697 1304 1031 1381 sinubus
1083 1304 1407 1382 acutatis
1437 1304 1646 1379 inter
1677 1302 2010 1398 angulos
2045 1328 2189 1378 seu
2222 1303 2540 1379 lacinias

483 1418 916 1505 obtusatas,
982 1420 1428 1495 laciniatum
1487 1416 1825 1493 sinubus
1890 1415 2272 1492 obtusatis
2338 1416 2547 1493 inter

478 1530 799 1606 lacinias
850 1545 1224 1622 acutataS,
1283 1535 1717 1615 sz'nuatum,
1769 1529 2107 1605 sinubus
2158 1530 2542 1606 obtusatis

479 1645 687 1720 inter
749 1642 1070 1722 lacinias
1132 1647 1533 1723 obtusatas
1552 1705 1570 1732 ,
1633 1647 1770 1722 tri·
1789 1646 2252 1744 multifidum
2327 1644 2544 1721 sinu-

480 1759 638 1835 bus
702 1759 1027 1855 acutatis
1086 1761 1295 1837 inter
1357 1760 1679 1836 lacinias
1742 1772 2101 1833 acutataS.
2220 1758 2546 1835 Folium

485 1873 890 1950 sinuatum
954 1872 1255 1950 laciniis
1319 1873 1576 1950 tribus
1636 1871 2088 1949 lateralibus
2137 1895 2325 1948 cum
2373 1897 2543 1949 me-

448 2025 453 2026 *
487 1987 617 2063 dia
671 1988 1057 2087 angulum
1086 2001 1396 2064 rectum
1431 1985 2111 2074 constituentibus,
2151 1987 2547 2065 hastatum

481 2115 810 2178 vocatur
857 2103 921 2177 si
955 2101 1279 2186 laciniae
1331 2115 1600 2179 acutae
1648 2115 1854 2186 sunt,
1879 2102 2542 2204 panduraesorme‚

481 2217 550 2291 si
610 2215 1104 2292 rotundatae.
1212 2216 1540 2294 Folium
1598 2212 2096 2291 multifidum
2161 2240 2204 2291 e
2253 2216 2545 2319 plicato

317 2340 325 2349 ‘
459 2328 1000 2433 flabellzsorme
1048 2328 1132 2407 di
1143 2331 1364 2409 citur.

678 2444 917 2521 Sinus
977 2445 1367 2551 paralleli,
1443 2443 1510 2521 si
1574 2456 1884 2521 rectum
1946 2441 2114 2520 fere
2164 2431 2550 2545 angulum

485 2581 676 2634 cum
724 2582 969 2636 nervo
1020 2560 1402 2662 primario
1455 2559 1981 2646 constituunt,
2045 2555 2339 2636 folium
2386 2560 2550 2638 for-

451 2685 711 2748 .mant
747 2676 1331 2776 pinnatgfidum,
1392 2688 1472 2749 et
1537 2672 1871 2776 quidem
1930 2672 2047 2749 uti
2108 2672 2551 2774 pinnatum,

491 2785 881 2888 aequali-,
944 2788 1421 2890 inaequali-,
1482 2787 2003 2889 interrupte·,
2051 2784 2553 2863 increscenti-

487 2898 955 2998 (lyratum),
1025 2899 2151 3004 decrescenti-pinnatifidum.
2293 2901 2551 2977 Habe-

361 3100 368 3108 ,
486 3038 674 3090 mus
737 3038 1066 3119 quoque
1130 3016 1781 3120 bipinnatifidum
1849 3027 1985 3087 etc.
2111 3011 2351 3087 Sinus
2402 3016 2546 3091 oh-

484 3128 719 3204 tusati
781 3129 990 3205 inter
1052 3132 1387 3230 angulos
1452 3143 1800 3205 acutatos
1849 3122 2203 3202 reddunt
2248 3125 2547 3206 folium

487 3242 755 3318 stricte
795 3242 908 3318 sic
958 3242 1264 3321 dictum
1323 3239 1926 3344 pinnatifidum,
1991 3239 2212 3315 sinus
2264 3244 2547 3320 acutati

486 3355 694 3431 inter
751 3358 1085 3455 angulos
1137 3358 1549 3434 obtusatos
1597 3353 1648 3429 f.
1701 3353 1950 3434 lebate
1986 3356 2549 3459 pinnatff'fidum,

486 3492 660 3546 non
719 3468 990 3549 lobato
1056 3471 1283 3574 quod
1345 3468 1699 3547 mediam
1746 3466 2130 3546 indicaret
2177 3466 2548 3557 formam,
2599 3517 2601 3521 -
2685 3450 2694 3463 ¹

489 3595 666 3659 tum
725 3584 1031 3662 sinuate
1088 3582 1659 3686 pinnatifidum
1723 3598 1861 3662 etc.
1990 3582 2312 3659 Folium
2373 3583 2548 3685 pin-

490 3694 919 3775 natifidum
989 3698 1292 3776 laciniis
1374 3700 1722 3799 angustis
1802 3697 2142 3801 sinubus
2225 3698 2549 3823 acutatis

481 3812 965 3911 pectenatum
991 3828 1334 3890 vocatur.

686 3924 931 4002 Sinus
1026 3926 1372 4029 paralleli
1473 3925 1853 4025 angulum
1951 3938 2274 4001 acutum
2358 3950 2548 4000 cum

489 4060 740 4117 nervo
790 4040 1171 4141 primario
1223 4041 1810 4127 constituentes,
1862 4036 2220 4115 efficiunt
2269 4037 2320 4115 f.
2370 4067 2553 4116 mn-
