2843 4800
984 334 989 340 ’
1041 365 1521 443 PLAN'rA.
1793 451 1797 456 ,
2196 370 2296 444 23

363 565 773 687 positis.¹
850 593 1408 688 numquam
1484 594 1701 658 sese
1766 564 2285 660 decussan-

363 709 655 799 tibus,

436 880 521 957 Si
568 875 906 955 latitudo
958 876 1384 955 crassitiem
1434 877 1658 956 valde
1693 890 2025 980 superat,
2059 906 2288 971 mem-

238 994 487 1072 brana
533 993 628 1070 fit
677 1007 812 1069 aut
857 997 1201 1083 lamella,·
1267 993 1460 1069 haec
1509 991 1756 1089 rigida
1805 991 1934 1068 illa
1992 990 2286 1069 flexilis.

242 1110 325 1185 Si
398 1107 823 1206 longitudo
886 1107 1231 1208 reliquas
1297 1106 1836 1182 dimensiones
1884 1105 2110 1183 valde
2159 1132 2286 1183 su-

237 1236 493 1322 perat,
554 1247 702 1297 nec
764 1220 1102 1297 latitudo
1148 1221 1630 1309 crassitiem,
1674 1222 1886 1324 fibra
1958 1218 2289 1295 dicenda

241 1337 389 1412 erit
435 1349 576 1412 aut
616 1333 868 1433 rigida
921 1349 1056 1411 aut
1100 1333 1393 1412 flexilis.

434 1451 1123 1550 Omniassorpora
1167 1447 1666 1547 symmetrica
1716 1471 1758 1525 e
1793 1462 1998 1526 statu
2029 1446 2310 1543 fluide,
2399 1498 2402 1501 -

234 1564 330 1638 in
394 1577 680 1639 statum
737 1563 1095 1640 solidum
1156 1576 1593 1649 transeunt,
1674 1575 1837 1639 tam
1904 1560 2312 1663 organica„

241 1701 496 1777 quam
557 1677 901 1775 crystalli.
1035 1679 1350 1778 Corpus
1424 1675 1773 1752 fluidum
1838 1690 1981 1765 est,
2058 1675 2286 1775 cujus

233 1791 661 1892 particulae
746 1792 1082 1868 minima
1158 1791 1231 1866 vi
1319 1804 1652 1888 urgente
1735 1811 1778 1864 e
1860 1791 2044 1867 loco
2133 1817 2284 1868 suo

236 1905 518 1982 cedere
568 1923 981 2005 coguntur.
1083 1909 1387 1983 Omnes
1440 1903 2074 2005 corporis-fluidi
2112 1930 2294 2005 par·-

231 2020 521 2096 ticulae
568 2046 739 2096 sese
788 2020 1188 2096 attrahunt
1230 2019 1529 2095 viribus
1579 2015 2069 2119 aequalibus3
2142 2043 2291 2120 op-

229 2135 536 2236 positae
607 2135 850 2234 igitur
918 2135 1121 2211 vires
1194 2158 1363 2210 sese
1439 2132 1892 2219 destruunt;
1966 2134 2310 2235 quaevis³

229 2250 612 2351 particula
660 2250 867 2325 inter
913 2248 1114 2325 vires
1158 2247 1526 2348 undique
1575 2247 1976 2348 oppositas
2011 2262 2103 2325 -et
2161 2272 2283 2324 ae-

232 2363 506 2466 quales
572 2388 720 2439 nec
782 2387 952 2440 non
1008 2387 1177 2439 sese
1222 2362 1718 2444 destruentes
1747 2363 2019 2464 ,posita
2065 2362 2281 2439 nulla

229 2478 307 2553 vi
388 2479 802 2568 retinetur,
894 2476 1035 2552 sed
1118 2477 1459 2553 minima
1537 2476 1612 2553 vi
1689 2477 2031 2578 pellente
2091 2477 2274 2553 loco

229 2614 390 2666 suo
454 2592 733 2667 cedere
797 2591 1124 2688 cogitur.
1244 2596 1464 2667 Non·
1490 2590 1777 2667 resistit
1839 2591 1986 2667 nisi
2061 2589 2282 2666 mole

232 2730 407 2779 sua.
517 2708 612 2780 In
669 2704 1079 2805 superficie
1149 2730 1339 2781 vero
1390 2705 1750 2806 oorporis
1798 2705 2027 2782 fluidi
2079 2702 2279 2804 ejus-

229 2818 468 2895 modi
534 2818 824 2894 virium
886 2820 1286 2921 oppositio
1363 2834 1441 2896 et
1513 2820 1936 2922 aequalitas
2007 2820 2278 2896 locum

226 2924 404 3010 non
474 2934 750 3021 habet,
802 2935 963 3010 sed
1039 2934 1357 3035 quaevis
1412 2935 1793 3034 particula
1851 2935 1963 3009 ibi
2028 2935 2280 3034 posita

225 3049 533 3124 viribus
627 3050 1177 3149 inaequalibus
1263 3047 1370 3122 ob
1443 3047 1788 3121 limites·
1839 3070 2276 3146 corporum

223 3164 955 3261 heterogeneorum
998 3178 1476 3254 extrorsum.
1511 3175 1599 3252 „et
1637 3161 2081 3244 introrsum
2115 3171 2306 3233 tra-.

223 3279 475 3354 hitur.
591 3278 817 3354 Vires
850 3277 1156 3379 uitaque
1216 3275 1862 3378 oppositae-*fsese
1919 3296 2093 3347 non
2141 3270 2278 3370 de-

223 3406 584 3478 struunt,
648 3391 791 3467 sed
855 3405 1213 3466 remanet
1276 3391 1512 3477 actio,
1564 3413 1718 3490 qua
1769 3386 2144 3489 particula
2193 3388 2278 3468 in

139 3498 143 3501 ’
221 3508 417 3582 loco
482 3530 632 3582 suo
696 3505 1097 3594 retinetur.
1209 3506 1567 3605 Corpora
1614 3503 1854 3600 igitur
1898 3501 2146 3579 fluida
2194 3502 2277 3580 in

219 3617 653 3720 superficie
710 3618 828 3696 ad
908 3613 1432 3695 soliditatem
1449 3617 1865 3716 accedunt.
1941 3619 2281 3716 Augeas

220 3731 691 3864 superlinies
758 3749 836 3809 et
892 3733 1220 3810 habebis
1277 3756 1570 3835 eorpus
1616 3730 2005 3818 solidum3
2053 3728 2310 3831 quod,

220 3847 567 3948 quidem
636 3847 717 3924 iu
783 3848 1254 3980 «torporibus
1296 3845 1652 3933 fibrosis,
1685 3839 2280 3924 membranosis

221 3977 303 4038 et
353 3962 791 4039 lamellosis
826 3964 1118 4064 utaque
1164 3962 1436 4040 tonum
1485 3961 1758 4048 habet,-
1791 3983 1977 4034 nam
2012 3955 2279 4046 fibrae,

220 4076 613 4164 lamellae,
660 4078 1171 4154 membranae
1204 4074 1721 4152 nullomodo
1758 4071 2074 4171 agnosci
2095 4098 2280 4174 pos-
