2843 4800
444 314 638 427 '216
687 460 691 466 ἑ
757 402 764 409 .
990 316 998 323 ’
1257 337 1780 422 ΒΕΜΜΑ..

496 574 539 624 e
588 570 898 645 gemma
945 542 1280 621 foliifera
1329 543 1551 622 haud
1594 557 1915 620 remota
1942 545 2271 646 separati
2305 545 2542 648 quasi

493 661 876 738 videntur.
973 658 1386 735 Interdum
1439 672 1515 733 et
1563 672 1871 733 amenta
1918 658 2265 755 feminea
2314 660 2535 737 nuda

494 775 1001 877 proveniunt,
1067 796 1129 848 e.
1179 795 1246 870 g.
1309 773 1401 846 in
1448 772 1679 850 Alno.
1780 772 1861 846 Si
1916 798 2244 874 quoque
2291 773 2533 851 flores

494 886 824 965 masculi
889 912 1075 962 cum
1137 885 1349 960 foliis
1399 909 1490 961 ex
1541 885 1819 961 eadem
1868 909 2181 983 gemma
2214 904 2534 976 exeunt,

491 1017 756 1077 tamen
794 1000 1197 1078 accessorii
1230 998 1620 1087 videntur,
1656 1014 1749 1076 ut
1778 1001 1863 1075 in
1896 1004 2107 1098 Pago
2154 1002 2544 1098 sylvatica=

491 1119 672 1190 Huc
734 1139 1060 1217 quoque
1122 1111 1411 1189 referas
1472 1114 1793 1189 arbores
1854 1113 2294 1192 caulissoras
2353 1118 2538 1197 her-2

494 1227 1037 1330 maphroditas
1085 1226 1508 1324 regionum
1557 1226 2007 1303 calidarum.
2532 1244 2542 1251 '

686 1345 780 1420 In
848 1338 1269 1418 Coniferis
1296 1353 1618 1417 tantum
1669 1338 1906 1416 flores
1967 1343 2311 1422 masculi
2346 1368 2531 1419 cum
2591 1438 2592 1441 Ἴ

493 1454 708 1539 foliis
771 1480 861 1531 ex
922 1454 1200 1530 eadem
1262 1477 1578 1552 gemma
1636 1456 2149 1555 proveniunt,
2210 1455 2532 1573 feminei

495 1571 822 1671 septu-ati
871 1568 1251 1670 nudique.

689 1688 1070 1760 Gemmae
1140 1699 1587 1783 aggregatae
1655 1684 1907 1761 rarius
1980 1685 2300 1773 adsunt,
2356 1700 2542 1761 tum.

496 1817 662 1872 non
715 1822 996 1874 omnes
1044 1795 1442 1874 floriferae
1491 1820 1658 1874 esse
1705 1797 1980 1885 solent,
2030 1813 2165 1875 aut
2203 1798 2556 1875 inferior.-¹

423 1939 427 1943 ’
495 1899 632 1988 aut
692 1911 1108 1988 exteriores
1169 1934 1317 1985 nec
1378 1911 1726 1987 interior.
1846 1914 2192 1989 Ramum
2256 1914 2530 1989 abbre-

495 2026 792 2102 viatum
852 2026 1152 2100 sistunt.
1264 2022 1668 2101 Habemus
1733 2046 2060 2127 quoque
2130 2027 2540 2102 ramulum

494 2137 917 2231 florentem
990 2160 1085 2213 ex·
1153 2136 1433 2213 eadem
1498 2138 1761 2216 axilla
1753 2164 1972 2215 cum
2031 2138 2406 2218 foliifero
2442 2155 2598 2218 utw

495 2251 587 2326 in
620 2253 859 2327 -variis
904 2251 1333 2330 MalvaceiS.

611 2363 1180 2461 Ramificatio
1253 2367 1573 2497 simplex
1646 2382 1790 2457 est,
1870 2369 1935 2445 si
1987 2316 2194 2447 folia
2240 2369 2439 2447 rami
2469 2394 2536 2446 e

495 2502 811 2577 genuna
856 2477 1096 2577 hujus
1144 2480 1329 2556 anni
1380 2504 1525 2557 seu
1568 2479 1897 2579 hujusce
1944 2483 2255 2586 periodi
2315 2498 2538 2561 enata

497 2592 680 2669 alias
753 2616 1104 2692 gemmas
1182 2596 1268 2671 in
1318 2592 1598 2670 ‘axillis‘
1645 2611 1929 2692 gerunt
1990 2597 2361 2688 nondum
2414 2624 2548 2674 ex-.

495 2706 831 2808 plicatas·
965 2707 1462 2787 Ramificatio
1541 2712 1987 2813 composita,
2072 2712 2137 2787 si
2216 2710 2408 2787 folia
2491 2734 2535 2787 e

495 2841 809 2918 gemma
855 2819 1095 2919 hujus
1143 2822 1328 2898 anni
1378 2827 1525 2898 seu
1568 2822 1899 2923 hujusce
1942 2821 2251 2924 periodi
2294 2836 2537 2911 enata,

498 2933 696 3016 alios
734 2960 1022 3021 ramos
1083 2961 1174 3012 ex
1222 2936 1465 3012 axillis
1513 2937 1931 3038 proferunt
1943 2939 1962 3021 j
2014 2959 2365 3034 quorum
2414 2932 2544 3009 fo-

395 3134 399 3138 ,
496 3046 619 3124 lia.
651 3073 1021 3148 :gemmas
1092 3050 1176 3127 in
1244 3052 1486 3127 axillis
1547 3062 1833 3147 gerunt
1890 3053 2058 3121 non
2110 3046 2550 3147 explicatas·

493 3161 808 3240 Eodem
877 3163 1133 3241 modo
1207 3163 1670 3240 ramificatio
1753 3159 2331 3261 decomposita,
2403 3167 2536 3237 su‘-
2643 3231 2646 3232 γ

498 3275 1183 3378 pradecomposita
1267 3290 1341 3352 et
1418 3274 1753 3374 repetito
1837 3274 2275 3376 composita
2370 3299 2544 3351 esse

498 3401 773 3488 potest.
884 3392 1184 3469 Ramus
1247 3387 1545 3464 florens
1598 3412 1714 3463 ex:
1745 3388 1996 3464 axillis.
2038 3402 2345 3477 enatus,
2393 3388 2533 3465 ubi

501 3500 685 3576 alias
745 3524 1103 3598 gemmae
1174 3502 1496 3602 positae·
1550 3503 2085 3605 reperiuntur,
2115 3571 2120 3576 .
2156 3501 2538 3579 ramifica-

497 3614 804 3689 tionem
900 3615 1423 3715 compositam
1523 3616 1779 3693 efficit.
1935 3620 2030 3693 In
2124 3617 2540 3692 arboribus

500 3725 976 3803 nostratibus
1066 3728 1546 3807 ramificatio'
1625 3729 1978 3832 simplex*
2048 3744 2183 3806 aut
2271 3730 2542 3806 minus

503 3842 940 3942 composita
1001 3865 1169 3935 esse
1230 3844 1432 3920 solet
1496 3870 1582 3921 ac
1660 3845 1746 3920 in
1823 3844 2123 3932 herbis,
2198 3868 2535 3945 quarum

502 3953 962 4034 ramificatio
1012 3958 1270 4034 multo
1322 3960 1571 4058 magis
1621 3959 2241 4065 compositaest.

594 4117 597 4120 2
697 4074 1080 4149 Gemmae
1124 4072 1433 4174 ubique
1477 4073 1564 4150 in
1614 4074 1834 4153 caule
1882 4075 2137 4150 enasci
2187 4086 2541 4174 possunt,
