2843 4800
866 335 1639 443 STRUCTURA.
2125 339 2270 413 ωε

219 531 557 615 niuntur
603 544 914 632 cryptae
959 530 1046 606 in
1094 532 1323 607 variis
1385 534 1834 634 plantarum
1873 497 2270 636 *partibus

219 673 282 723 e.
333 672 400 745 g.
451 647 536 721 in
585 645 849 722 radice
899 645 1352 744 zingiberis.

219 900 366 990 67.
489 899 791 986 Musei
842 895 1323 988 alienatae
1388 910 1622 989 sunt
1660 898 2059 1018 plantae
2111 899 2270 991 de-

343 1036 623 1127 fectu
713 1063 1183 1127 vasorum
1266 1040 1816 1158 spiralium
1916 1040 2270 1131 Liche-

272 1160 562 1278 qnes⁹
652 1174 996 1291 Algae,
1085 1176 1442 1294 Fungi‚
1549 1208 1801 1299 quos
1912 1183 2270 1301 Crypto-

332 1318 619 1434 plzyta
712 1314 1021 1420 dicas,
1103 1316 1648 1409 abnormes
1742 1334 1977 1411 sunt
2052 1350 2272 1412 non

345 1457 673 1545 solum
734 1485 1206 1547 vasorum
1267 1459 1785 1577 spiralium
1850 1458 2271 1565 defectu,

258 1619 267 1622 ·
347 1594 525 1685 sed
590 1595 908 1686 aliena
998 1626 1402 1717 quoque
1482 1612 2004 1736 contextus
2082 1603 2269 1692 cel-

348 1734 639 1826 lulosi
699 1748 1220 1828 structura.

415 1915 693 1991 Filices
742 1916 1040 1992 habent
1087 1930 1540 1994 contextum
1593 1916 2062 1994 cellulosum
2105 1945 2272 1996 ma·-

223 2027 643 2118 nifestum‚.
682 2029 1090 2106 interdum
1137 2056 1326 2107 vero
1379 2032 1579 2108 circa
1626 2057 1804 2108 vasa
1851 2031 2191 2109 fuscum.

412 2145 668 2221 Musei
721 2158 1174 2221 contextum
1226 2145 1700 2223 cellulosum
1748 2148 2043 2224 habent
2101 2173 2271 2225 non

221 2257 492 2333 minus
521 2257 1056 2347 manifestum,
1091 2258 1569 2360 cellulasque
1603 2285 1944 2360 magnas.
2044 2268 2275 2340 Prae-

221 2373 495 2448 sertim
557 2373 963 2450 interstitia
1031 2372 1493 2450 cellularum
1552 2399 1837 2476 magna
1885 2376 2274 2454 videntur.

222 2488 620 2564 Oriuntur
716 2512 955 2577 vero,
1062 2488 1246 2589 quia
1356 2488 1681 2566 cellulae
1783 2490 2274 2593 prismaticae

221 2601 538 2676 lumine
645 2626 787 2677 suo
890 2626 1160 2678 versus
1256 2601 1759 2704 superficiem
1853 2629 2275 2681 conversae

223 2729 449 2803 sunt,
530 2715 748 2791 unde
812 2717 1144 2818 parietes
1220 2715 1352 2791 lati
1416 2731 1825 2818 apparent,
1902 2719 2142 2819 quod
2186 2722 2274 2795 in

222 2831 512 2934 plantis
587 2831 1075 2907 normalibus
1142 2848 1471 2933 quoque
1546 2830 1855 2920 accidit,
1927 2857 2273 2947 praeser-

221 2947 367 3021 tim
415 2946 503 3021 in
552 2945 905 3021 bracteis.

421 3058 870 3157 Singulares
937 3058 1252 3135 cellulas
1315 3057 1403 3131 in
1466 3056 1677 3133 foliis
1731 3058 2077 3158 Sphagni
2131 3059 2275 3134 ob-

226 3170 555 3249 tusifolii
622 3173 909 3250 detexit
964 3172 1547 3252 Moldenhauer
1597 3174 1890 3270 (Beytr.
1938 3198 2013 3273 p.
2062 3174 2226 3247 210.
2240 3174 2300 3269 )‘

225 3310 520 3388 nempe
567 3285 789 3363 fibris
839 3288 1222 3401 spiraliter
1268 3288 1524 3366 ductis
1571 3287 1920 3386 repletas.
2014 3286 2275 3364 Cellu-

221 3399 344 3477 lae
407 3401 607 3478 mihi
670 3403 1156 3501 compositae
1217 3402 1589 3478 videntur
1648 3415 1725 3477 et
1770 3400 2018 3478 fibrae
2065 3428 2272 3478 mar-

223 3515 444 3612 gines
482 3515 889 3617 parietum
941 3517 1401 3594 cellularum
1449 3515 1898 3605 minorum,
1953 3517 2091 3617 qui
2139 3544 2275 3619 pa-

157 3660 161 3671 ·
222 3629 454 3705 rietes
506 3630 1036 3728 irregulariter
1081 3632 1319 3732 positi
1365 3630 1578 3707 varia
1628 3630 2061 3708 directione
2107 3657 2275 3711 ma-

222 3739 483 3839 jorem
536 3743 900 3821 cellulam
953 3745 1463 3847 dissepiunt.

398 3856 833 3935 Lichenes
867 3859 1175 3937 foliacei
1239 3873 1318 3935 et
1376 3857 1687 3990 stipites
1735 3871 2089 3957 gerentes
2137 3855 2275 3934 ha·-

219 3968 410 4049 bent
473 3972 1056 4074 epidermidem
1124 3998 1169 4050 e
1208 3973 1529 4050 cellulis
1575 3956 1932 4053 minutis
1955 3971 2274 4069 subglo-

214 4085 439 4165 hosis
492 4087 1070 4190 compositam,
1132 4085 1457 4166 farctam
1520 4086 1743 4167 fibris
1802 4109 1947 4163 seu
2005 4088 2274 4188 potius
