2843 4800
1106 357 1447 432 GEMM
1461 358 1543 431 A.
1902 384 1909 390 ·
2203 354 2349 431 207

1181 797 1484 942 VII..
1647 874 1652 877 ·

939 1019 1031 1122 G
1099 1018 1181 1123 E
1254 1018 1362 1123 M
1432 1018 1537 1122 M
1605 1018 1714 1123 A.

308 1404 510 1494 125.
637 1397 1104 1490 GEMMA
1192 1408 1339 1487 est
1421 1398 2116 1491 rudimentum
2214 1399 2356 1488 su-

427 1540 630 1629 turi
695 1540 995 1630 caulis
1058 1532 1462 1629 ram'ive.

499 1709 1079 1786 Rudimentum
1128 1734 1527 1796 vocamus,
1581 1710 1764 1812 quia
1816 1724 2073 1811 partes
2109 1709 2357 1786 futuri

310 1824 547 1901 caulis
596 1826 957 1926 ramique
1009 1825 1321 1900 exhibet
1368 1825 1638 1899 minus
1692 1823 2058 1900 evolutas.

495 1937 786 2015 Differt
851 1965 891 2015 a
959 1938 1294 2026 semine,
1365 1940 1589 2040 quod
1657 1938 2177 2017 solummodo
2227 1964 2360 2013 ru-

307 2051 653 2129 dimenta
691 2053 934 2129 caulis
968 2056 1335 2156 ramique
1370 2053 1837 2133 neceradicis
1873 2054 2297 2149 contineat„
2371 2068 2383 2091 ⁶

497 2167 744 2264 Quod
818 2191 1222 2265 gemmam
1291 2168 1666 2257 dicimUS,
1747 2169 2142 2244 Linnaeus
2204 2173 2361 2265 ΗΥ,-

303 2283 823 2359 bernaculum
891 2296 1155 2371 vocat‚'
1209 2282 1350 2359 sed
1414 2282 1519 2373 *ad
1561 2309 1715 2359 -eas
1774 2298 2112 2379 tantum¹
2147 2308 2363 2383 gern—

304 2424 473 2474 mas
536 2398 969 2485 restrinxit,
1038 2422 1242 2498 quae
1303 2424 1448 2500 per
1496 2398 1869 2496 hyemem
1918 2399 2361 2502 persistunt,

312 2528 733 2613 antequam
786 2505 1281 2613 explicantur.
1378 2514 1672 2589 th'los.
1730 2514 1979 2591 boton.
2034 2516 2092 2612 ἓ.
2146 2519 2261 2591 85.

505 2631 839 2732 Gemma
904 2641 1020 2702 est
1066 2651 1246 2727 pars
1295 2626 1607 2727 plantae
1666 2627 1911 2703 radici
1973 2629 2365 2728 (mediate

309 2755 445 2818 aut
491 2739 993 2838 immediate)
1044 2741 1435 2829 insidens,
1489 2765 1693 2844 quae
1746 2742 2083 2818 occultat
2133 2767 2364 2843 squa-
2413 2793 2420 2798 -

304 2858 475 2944 mis⁹
526 2854 912 2932 foliorum
946 2855 1450 2944 rudimentiS,
1485 2857 2003 2954 embryonem
2050 2854 2365 2932 futurae
2392 2931 2408 2942 f

305 2972 613 3047 herbae.
711 2970 1045 3048 Lz'nnaei
1084 2970 1292 3045 Diss.
1338 2973 1432 3045 de
1461 2973 1774 3069 gemmis
1810 3000 1986 3073 resp.
2024 2971 2368 3073 Loegfh'ng

307 3087 629 3161 Amoen.
684 3087 900 3160 acad.
961 3084 1052 3158 V
1088 3087 1156 3157 2.
1203 3114 1276 3186 p.
1334 3079 1536 3160 187.'

497 3197 954 3296 Ludwigius
1016 3221 1340 3296 germen
1406 3214 1635 3275 vocat
1696 3213 1772 3275 et
1853 3198 2106 3290 addit:
2190 3200 2365 3272 Hoc

306 3311 429 3386 vel
502 3311 818 3387 nudum
883 3325 1030 3399 est,
1103 3312 1225 3388 vel
1293 3315 1645 3415 squamis
1695 3303 2059 3389 ⁸cinctum
2130 3326 2207 3387 et
2252 3325 2367 3386 te-

309 3440 542 3514 ctum,
597 3451 760 3527 quo
813 3426 899 3500 in
966 3451 1152 3501 casu
1221 3428 1626 3527 speciatim
1689 3450 2001 3525 gemma
2056 3426 2365 3502 dicitur.

306 3540 543 3616 Instt‘t.
616 3542 830 3639 regni
884 3540 1191 3640 vegetab.
1259 3543 1320 3637 ξ.
1373 3546 1489 3615 66.
1589 3545 1777 3624 Non
1829 3549 2058 3640 nego
2092 3556 2366 3644 aptum

309 3679 472 3730 esse
535 3653 913 3752 germinis
973 3654 1492 3741 vocabulum,
1560 3668 1638 3728 at
1691 3679 1914 3750 ⁸nunc
1980 3680 2129 3757 pro
2186 3678 2366 3731 ova-

304 3768 425 3843 rio
478 3768 718 3842 nimis
769 3768 1168 3843 usitatum.
1698 3829 1703 3835 .
2275 3839 2282 3844 ,

493 3885 713 3969 Pam,
782 3882 1074 3982 quibus
1138 3881 1485 3982 plantae,
1542 3883 1840 3983 absque
1890 3883 2200 3983 praevia
2254 3881 2367 3956 fe·-

306 3994 813 4084 cundatione,
863 3995 1510 4096 multiplicantur,
1551 4019 1865 4093 gemma
1905 4009 2036 4071 est.
2070 3998 2367 4074 ΜῦηεΙι

300 4108 506 4185 Einl.
559 4140 622 4186 z.
674 4108 1309 4214 Pflanzenltunde
1346 4121 1420 4213 p.
1477 4115 1590 4187 67.
