2843 4800
511 291 662 366 312
984 235 999 250 ⁸
1377 291 1698 378 nos.

703 485 974 564 Planta
1035 487 1453 590 polyg‘ama
1519 501 1667 576 est,
1733 511 1940 588 quae
2000 485 2244 562 flores
2302 486 2565 565 herm-

514 598 982 701 aphroditos
1076 603 1450 678 masculis
1547 617 1625 679 et
1717 600 2083 677 femineis
2163 602 2565 679 immixtos

511 713 871 814 profert„
942 717 1049 790 In.
1097 716 1496 817 plerisque
1556 715 1773 791 nulla
1834 741 2015 791 vera
2066 729 2183 789 est
2233 714 2563 792 diclinia.

510 826 964 925 Polygamia
1014 827 1273 906 dioica
1324 829 1433 917 fit,
1483 831 1547 904 si
1596 829 1837 906 flores
1887 828 2215 904 masculi
2267 846 2404 907 aut
2448 858 2565 909 ra-

511 943 679 1018 rius
726 939 1055 1018 feminei
1099 942 1184 1017 in
1232 943 1933 1043 hermaphroditos
1984 959 2456 1021 excrescunt.

705 1054 977 1131 Flores
1004 1133 1007 1136 ,
1039 1059 1298 1131 neutri
1363 1060 1661 1158 absque
1721 1056 2027 1157 pistillis
2094 1071 2170 1132 et
2218 1059 2566 1132 stamini-

511 1167 663 1254 bus
718 1169 832 1254 :in
921 1169 1321 1246 anthodiis
1397 1184 1475 1246 et
1545 1169 2144 1246 inflorescentiis
2203 1170 2565 1258 ,laterales

515 1307 681 1358 esse
732 1282 1022 1369 solent3
1072 1297 1329 1384 partes
1383 1284 1598 1359 enim
1649 1287 2199 1386 propagationi
2272 1285 2567 1361 dicatae

510 1397 884 1473 interiora
948 1413 1229 1472 amant.
1338 1396 1677 1496 Majores
1741 1425 2073 1500 vquoque
2123 1397 2306 1474 s‘unt
2357 1397 2566 1474 ferti-

511 1510 750 1600 lilius,
827 1511 1048 1612 quasi
1115 1512 1444 1590 stamina
1513 1527 1590 1587 et
1654 1513 1937 1613 pistilla
2005 1514 2371 1613 absorpta
2445 1510 2567 1603 fu·-

515 1624 737 1700 erint.
848 1625 968 1702 Ab
1030 1624 1155 1701 his
1220 1625 1518 1722 diversi,
1572 1641 1785 1714 sunt,
1852 1628 1990 1728 qui
2040 1629 2121 1701 in
2178 1626 2568 1703 Gramini-

509 1737 661 1813 bus
709 1738 1007 1835 minus·
1033 1738 1382 1840 explicati
1438 1741 1733 1842 absque
1800 1741 2270 1816 staminibus
2320 1739 2566 1840 pistil-

511 1850 766 1954 lisque
820 1868 1313 1929 enascuntur.
1372 1923 1378 1929 .

703 1966 958 2044 Musei
1037 1967 1347 2067 pistillis
1427 1967 1706 2068 utique
1748 2015 1754 2024 ·
1792 1968 2129 2070 praediti
2227 1980 2415 2042 sunt
2494 1980 2570 2042 et

508 2079 736 2180 plura
788 2080 936 2154 sibi
989 2081 1340 2179 apposita
1395 2106 1562 2156 esse
1612 2082 1899 2170 solent,
1953 2107 1994 2158 e
2048 2082 2340 2182 quibus
2390 2081 2567 2155 uni·-

512 2216 698 2266 cum
782 2191 1294 2293 plerumque,
1366 2194 1619 2270 rarius
1675 2194 1919 2296 plura
2004 2193 2241 2272 simul
2335 2192 2568 2293 expli-

513 2319 820 2397 cantur,
925 2305 1251 2408 reliquis
1348 2305 1679 2385 effoetis·
1765 2395 1768 2396 ⁷
1836 2314 2047 2390 Haec
2142 2307 2566 2410 parastylos

515 2419 744 2501 dicas,

701 2538 795 2611 In
845 2534 1220 2614 Filicibus
1270 2563 1373 2613 ne
1420 2539 1837 2638 vestigium
1872 2536 2567 2640 pistillorum-qui-

511 2646 700 2727 dem
793 2650 1365 2729 inveniendum
1465 2667 1611 2743 est,
1710 2652 2082 2754 papillam
2185 2649 2399 2724 enim
2482 2650 2567 2724 in

507 2764 899 2865 Equisetis
965 2791 1006 2842 a
1071 2765 1486 2863 Hedwigio
1565 2766 1994 2842 indicatam
2076 2777 2566 2840 constantem

511 2902 677 2969 esse
729 2903 897 2954 non
945 2879 1405 2980 putaverim.
1506 2886 1726 2957 Hanc
1779 2878 1883 2955 ob
1939 2902 2256 2954 causam
2308 2891 2386 2953 et
2419 2890 2562 2952 sta·
2672 2914 2676 2919 ·

506 2991 724 3085 mina
790 2992 875 3068 in
943 2993 1157 3069 hisce
1221 2993 1508 3094 plantis
1567 2994 1770 3069 mihi
1836 3007 2191 3093 suspecta
2258 3005 2447 3082 sunt
2495 3003 2569 3085 et

510 3105 869 3207 capsulae
918 3106 1258 3206 majores
1307 3107 1666 3182 trivalves
1713 3108 1799 3182 in
1846 3104 2381 3208 Lycopodinis
2434 3129 2567 3180 an-

508 3216 767 3295 theras
835 3220 1164 3320 quidem
1215 3235 1412 3322 puto
1469 3234 1545 3295 at
1595 3221 1881 3295 abortu
1927 3244 2154 3311 verae
2206 3219 2563 3321 capsulae

507 3331 967 3433 productaS,
1018 3360 1165 3411 nec
1212 3331 1759 3410 fecundationi
1814 3331 2255 3411 destinatas,

705 3447 1238 3552 Cryptophyta
1326 3446 1543 3541 nulla
1640 3446 1938 3522 habent
2016 3446 2339 3546 pistilla,
2424 3469 2568 3519 nec

506 3561 807 3639 horum
855 3560 1341 3651 rudimenta,
1389 3560 1871 3661 vestigiaque
1924 3560 2540 3663 conspiciuntur.

511 3706 715 3816 179.
838 3724 1559 3841 Anamorphoszls
1630 3719 2237 3838 pistillorum
2329 3694 2568 3809 mon-

628 3882 932 3973 strosa
991 3859 1807 3983 frequentissima
1872 3875 2022 3952 est
2088 3857 2566 3952 et'flores

631 4001 990 4120 plenos
1057 4031 1175 4094 ac
1238 3998 1780 4120 proliseros
1843 3998 2341 4120 producit.
