2843 4800
538 254 689 374 272
1400 280 1755 378 rhos.

737 492 1038 592 Calycis
1085 490 1371 593 phylla'
1401 504 1654 595 saepe'
1681 491 1789 569 ita
1837 507 2196 595 separata*
2232 506 2450 582 sunu
2495 511 2596 574 ut
2685 512 2690 515 ’

541 608 877 685 seorsim
928 606 1322 692 decidant;
1369 606 1454 681 in
1508 608 1676 682 aliis
1726 606 2098 685 ad·basin
2151 610 2427 708 calycis
2457 636 2595 688 us-

543 746 702 823 que
765 736 917 798 aut,
956 722 1482 823 hypanthium
1546 735 1887 822 separata
1954 722 2194 799 simul
2254 749 2594 800 marces-

527 844 735 913 'cunt
790 850 893 911 et
955 850 1337 937 pereunt..
1427 836 1853 911 Rarissime
1917 836 2183 936 phylla
2250 822 2594 940 superne

545 951 1063 1028 cohaerentia·
1163 941 1401 1025 simul
1503 947 1921 1025 decidunt·
1980 950 2592 1050 (Eschholtzia).

541 1071 921 1143 Nervum'
968 1064 1264 1141 habent
1334 1058 1597 1164 ph'ylla
1678 1062 2153 1166 plerumque
2226 1064 2593 1141 medium

544 1205 589 1256 a
635 1178 802 1255 basi
867 1176 967 1253 ad
1030 1178 1335 1277 apicem
1382 1191 1954 1266 excurrentem,
2006 1178 2242 1254 latera
2291 1179 2588 1266 tenuia,

542 1294 1162 1378 membranacea,
1194 1288 1579 1378 colorata,
1616 1292 1873 1366 nervis
1906 1291 2354 1368 lateralibus
2389 1317 2594 1369 mar-

477 1430 482 1435 ·
543 1408 812 1507 ginem
891 1429 1059 1481 non
1140 1404 1779 1505 pertingentibus.
1859 1410 2099 1483 >Sunt
2145 1420 2482 1487 tamen-
2517 1419 2595 1483 et

543 1521 808 1625 phylla
872 1519 1381 1621 plurinervia,
1451 1532 1585 1595 aut
1655 1519 1910 1596 nervis
1976 1519 2075 1597 ad
2149 1519 2589 1618 marginem

548 1635 1157 1723 excurrentibus,
1205 1636 1289 1709 in
1340 1657 1624 1731 genere
1656 1631 1869 1721 foliis
1904 1634 2302 1711 similiora.
2367 1634 2591 1711 1Vice

548 1777 764 1828 versa
812 1749 1076 1851 phylla
1129 1760 1558 1825 occurrunt
1604 1747 1879 1849 petalis
1912 1748 2313 1835 simili-ora,
2347 1771 2588 1824 nervo

545 1865 926 1970 primario
1001 1887 1275 1938 versus
1333 1861 1636 1962 apicem
1700 1860 1910 1937 varie
1974 1861 2226 1939 diviso
2280 1875 2358 1936 et
2404 1860 2593 1938 deli-

520 1991 989 2082 quescente.

722 2091 865 2168 Ad
918 2088 1256 2186 calycem
1307 2088 1926 2189 monophyllum
1976 2089 2330 2179 refertur,
2373 2080 2591 2188 cujus

547 2169 809 2308 phylla
898 2202 997 2278 ad
1071 2202 1295 2277 basin
1371 2217 1508 2278 aut
1574 2203 1778 2279 ultra
1845 2205 2299 2281 cohaerent
2331 2218 2405 2280 et
2462 2204 2593 2279 bi·-

549 2317 1112 2419 multipartitus
1150 2330 1513 2392 vocatur.
1622 2321 1825 2408 Vere
1873 2318 2458 2420 monophyllus
2526 2317 2593 2392 is

551 2448 697 2521 est,
780 2432 1002 2529 cujus
1082 2430 1359 2530 phylla
1408 2458 1558 2532 pro
1647 2433 2024 2508 maxima·
2093 2447 2311 2533 parte
2408 2456 2592 2508 con-

548 2561 727 2622 nata
794 2560 1199 2647 apparent,
1267 2569 1511 2622 nervo
1577 2547 1848 2623 medio
1904 2571 2068 2624 non
2101 2545 2406 2633 solum,
2456 2543 2594 2628 sed

548 2659 995 2744 lateralibus
1098 2684 1424 2760 quoque
1523 2660 1922 2791 insignita,
2010 2659 2232 2760 quod
2316 2661 2596 2777 probat

546 2775 901 2878 partibus
964 2773 1312 2851 foliaceis
1375 2776 1598 2874 quasi
1664 2774 2102 2875 stipulaceis
2164 2773 2425 2870 phylla
2479 2795 2596 2848 ac-

552 2903 752 2965 ereta
790 2913 975 2965 esse.
1041 2887 1487 2965 Interdum
1541 2886 1705 2963 duo
1759 2886 1975 2961 nervi
2010 2908 2154 3004 per
2196 2882 2639 2960 intervalla.

548 3018 1143 3102 segmentorum
1194 3016 1618 3078 transeunt.
1713 3004 1804 3074 In
1856 2995 2109 3091 calyce
2146 2994 2592 3073 decemfido

547 3118 1147 3196 Marrubiorum
1211 3111 1604 3212 ejusmodi
1673 3122 2069 3206 segmenta
2131 3109 2596 3250 intermedia

552 3244 1020 3308 excrescunt.
1294 3291 1299 3296 .
1384 3289 1391 3298 .
1558 3291 1562 3296 .
2177 3257 2180 3260 ·

739 3346 1027 3442 Figura
1114 3341 1356 3416 variat
1426 3337 1543 3414 uti
1628 3335 2002 3452 corollae,
2095 3337 2232 3414 sed
2307 3337 2593 3414 minus.

547 3460 819 3556 Phylla
883 3472 958 3534 et
1020 3469 1419 3553 segmenta
1484 3426 1874 3529 similibus
1936 3453 2205 3583 modis
2267 3450 2597 3552 eompli-

549 3584 722 3648 cata
764 3585 965 3646 sunt.

745 3682 1059 3761 Transit
1119 3682 1203 3757 in
1254 3680 1837 3783 pedunculum,
1875 3693 2310 3758 aut-strato
2365 3678 2597 3755 cellu-

528 3796 808 3879 „larum
856 3796 1498 3875 transversalium'
1540 3793 1995 3894 sejungitur.

2394 3943 2598 4098 162.
