2843 4800
558 291 659 430 42
897 400 905 421 1
1332 352 1632 427 PLAN
1651 352 1816 428 TA.

752 553 1068 654 Species
1119 550 1470 629 diversae
1517 551 1603 627 in
1653 549 1937 654 plantis
1989 566 2065 627 et
2118 552 2205 628 in
2252 555 2611 630 animali-

507 657 745 756 ‘buS,
811 665 1185 766 conjugio
1248 666 1891 771 praeternaturali
1954 666 2267 770 prolem
2344 669 2611 766 hybri-

556 783 745 859 dam
808 780 1288 889 producunt.
1401 785 1614 859 Haec
1676 781 1941 883 proles
2001 781 2086 855 in
2139 783 2609 858 animalibus

553 920 872 997 semper
941 896 1219 973 sterilis
1295 909 1440 981 est,
1527 897 1591 971 si
1642 897 2140 972 connubium
2202 896 2357 973 suit
2421 923 2606 972 cum

553 1013 707 1087 alio
750 1008 1119 1109 ‘ejusdem
1151 1010 1397 1111 prolis
1429 1008 1902 1087 individuo.ss
1969 1011 2384 1087 Interdum
2415 1038 2603 1089 vero

550 1126 824 1217 fertilis
877 1125 1356 1214 observatur,
1407 1126 1475 1201 si
1525 1125 2026 1203 connubium
2078 1124 2234 1200 fuit
2266 1152 2451 1203 cum
2484 1128 2602 1202 in-

553 1239 886 1316 dividuo
940 1239 1225 1341 speciei
1273 1254 1643 1340 paternae
1695 1254 1830 1314 aut
1861 1254 2276 1315 maternae.
2356 1240 2603 1351 Quod

547 1356 661 1433 in·
704 1354 991 1456 plantis
1056 1378 1225 1430 non
1274 1355 1546 1429 minus
1597 1353 2035 1430 observavit
2079 1354 2603 1443 Reli-emerus,

549 1468 1099 1571 experimentis
1150 1468 1421 1545 denuo
1465 1465 2144 1549 confirmandum.

737 1587 879 1660 Est
928 1582 1217 1684 duplex
1266 1585 1351 1658 in
1402 1581 1875 1685 corporibus
1927 1583 2311 1680 organicis
2358 1582 2600 1660 varia-

544 1698 691 1787 tio,
745 1697 975 1773 altera
1027 1698 1234 1773 inter
1280 1710 1643 1798 parentes
1694 1711 1771 1772 et
1817 1697 2144 1785 liberos,
2197 1699 2426 1774 altera
2478 1699 2598 1774 in·-

543 1825 669 1888 ter
704 1826 963 1912 partes
1013 1809 1370 1909 ejusdem
1406 1812 1764 1911 corporis
1816 1813 1916 1909 (v.
1946 1840 2023 1912 p.
2057 1813 2196 1908 4.);
2243 1812 2373 1888 illa
2425 1837 2598 1914 spe-

542 1925 758 2003 cialis
806 1925 980 2002 dici
1043 1940 1334 2025 potest,
1370 1926 1591 2002 >haec
1654 1924 2181 2001 individualis,
2219 1972 2224 1977 υ
2279 1932 2432 2003 Per
2479 1953 2596 2005 se-

540 2041 760 2118 mina
811 2039 1670 2141 speciespropagatur,
1719 2066 1868 2144 per
1912 2064 2265 2138 gemmas
2311 2041 2596 2118 indivi-

544 2153 823 2229 duum.
964 2155 1139 2228 Hoc
1221 2153 1553 2255 quidem
1613 2156 1699 2230 in
1761 2153 2046 2256 plantis
2093 2169 2372 2255 utpote
2422 2181 2594 2232 cor-

537 2267 875 2370 poribus
904 2269 1368 2370 ‘compositis
1399 2269 1676 2346 locum
1706 2268 2270 2344 tantummodo
2304 2269 2561 2346 habet.

734 2381 1051 2483 Species
1126 2383 1221 2460 ab
1299 2383 1642 2485 antiquis
1715 2382 2047 2460 nomine
2118 2385 2448 2487 proprio
2514 2402 2595 2464 et

539 2495 872 2601 quidem
922 2497 1408 2574 substantivo
1457 2498 1821 2596 insignita
1876 2512 2021 2585 est,
2069 2498 2392 2578 variatio
2444 2526 2595 2578 no-

536 2614 757 2688 mine
824 2609 1223 2710 adjectivo.
1339 2615 1551 2689 Cum
1614 2613 2097 2715 posteriores
2146 2640 2334 2692 vero
2385 2615 2592 2692 inter

534 2725 1003 2804 variationes
1069 2739 1513 2802 constantes
1590 2741 1668 2803 et
1735 2727 2269 2808 inconstantes
2334 2729 2589 2829 majus

531 2839 882 2918 facerent
944 2840 1404 2927 discrimen,
1467 2866 1785 2924 *nomen
1846 2845 2421 2923 substantivum
2486 2844 2590 2923 ad

532 2979 785 3055 genus
833 2953 1419 3031 transtulerunt.

532 3158 676 3249 27.
798 3154 1424 3254 Formarum*
1457 3169 1558 3246 et
1594 3155 1898 3248 totius
1939 3153 2305 3248 indolis
2350 3185 2584 3252 con-

534 3363 543 3384 ..
654 3295 1019 3420 stantia
1077 3295 1188 3382 in
1241 3294 2016 3407 generationum
2053 3297 2592 3416 complexu

650 3459 927 3553 genus
981 3434 1517 3524 constituit.
1621 3433 2237 3551 Vegetabilia
2273 3465 2584 3552 genus

651 3601 950 3676 suum
1012 3585 1407 3664 mutare
1471 3574 1966 3672 nituntun

718 3741 1075 3830 Plantae,
1144 3768 1346 3846 quae
1409 3745 1621 3822 notis
1678 3746 2306 3826 inconstantibus
2357 3742 2583 3823 diffe-

524 3871 753 3947 runt,
823 3856 1347 3938 inconstantia
1412 3858 1501 3936 in
1558 3860 1749 3962 ipsis
1810 3860 2173 3963 probata,
2251 3858 2352 3940 ad
2404 3884 2582 3938 ean-

528 3970 718 4052 dem
767 3971 1114 4076 speciem
1163 3971 1626 4056 referendae
1674 3988 1878 4054 sunt.
1973 3974 2323 4059 Plantae,
2376 3999 2584 4075 quae

526 4087 739 4165 notis
823 4086 1455 4169 inconstantibus
1535 4087 1925 4170 differunt
1948 4148 1968 4176 ,
2060 4086 2582 4168 inconstantia
