2843 4800
570 296 719 373 270
910 398 913 401 Α
1430 293 1755 381 rLos.

577 497 777 589 160.
937 496 1244 614 Calyxss
1323 507 1471 585 est
1576 496 2010 587 exterior
2073 499 2610 625 ⁸perigonii

697 634 1004 736 orbis,
1064 632 1476 726 rudiore
1545 664 2023 754 compage
2092 650 2191 726 et
2263 638 2607 731 colore

691 773 982 866 viridi
1042 773 1450 864 suscove
1520 772 2061 866 distinctus,

755 947 1077 1027 Limites
1114 946 1329 1029 *inter
1378 944 1717 1042 calycem
1769 947 2246 1025 corollamve
2289 974 2455 1026 non
2487 974 2607 1027 re-

564 1062 1012 1166 periuntur;
1079 1059 1289 1156 calyx
1349 1056 1562 1135 foliis
1634 1060 1973 1137 similior
2047 1077 2196 1151 est,
2277 1065 2605 1140 crassior

565 1175 953 1277 glandulis
1005 1173 1349 1251 cutaneis
1401 1187 1617 1249 extus
1665 1176 1914 1272 magis
1961 1176 2379 1276 inspersuS,
2430 1201 2603 1254 ner-

564 1292 678 1368 vis
726 1291 996 1365 minus
1044 1288 1374 1389 partitis,
1428 1286 1696 1363 colore
1748 1289 2226 1367 obscuriore.
2323 1291 2603 1390 Margi-

563 1431 705 1484 nes
785 1429 1016 1505 saepe
1079 1402 1328 1479 teneri
1397 1414 1472 1476 et
1532 1401 2010 1501 pellucentes
2058 1420 2260 1481 sunt.
2359 1409 2601 1499 Inter-

563 1521 762 1597 dum
825 1544 869 1595 e
936 1517 1229 1618 duplici
1297 1529 1601 1591 constat
1651 1517 1878 1604 orbe,
1928 1517 2335 1593 interdum
2383 1520 2597 1599 solus

561 1633 779 1712 adest
857 1633 1153 1732 absque
1230 1629 1558 1717 corolla,
1624 1628 2028 1714 interdum
2080 1632 2361 1710 deficit.
2458 1638 2596 1712 Fa·-

560 1748 726 1825 cilis
788 1746 1180 1824 distinctio
1206 1804 1225 1832 ,
1289 1745 1354 1820 si
1424 1741 1719 1819 corolla
1784 1744 2022 1820 simul
2074 1746 2291 1823 adest
2337 1747 2592 1826 multo

556 1862 935 1949 tenerior,
1019 1860 1397 1944 colorata,
1478 1856 1736 1932 nervis
1821 1856 2119 1948 divisiS,
2206 1861 2592 1960 glandulis

557 1977 902 2054 cutaneis
937 1974 1191 2049 nullis.
1242 1968 1683 2057 Difficilior,
1728 1969 1793 2045 si
1829 1971 2305 2051 characteres
2337 1977 2588 2055 modo

538 2090 742 2167 -dicti
805 2112 972 2165 non
1039 2084 1445 2163 luculenti.
1556 2084 1712 2163 Ubi
1767 2083 2042 2175 dubia‚·
2086 2090 2590 2189 perigenium

557 2202 1193 2280 dicatur..

743 2320 942 2393 Ante
1003 2314 1444 2389 Linnaeum
1510 2313 1850 2411 calycem
1914 2332 2295 2394 vocarunt
2369 2274 2614 2397 basin-

547 2428 770 2508 floris
852 2442 928 2504 et
1005 2425 1657 2516 fundamentum,
1743 2430 2080 2516 crassitie
2160 2431 2585 2510 notabilem

548 2546 819 2644 (Linn.
866 2541 1062 2628 Phil.
1111 2542 1274 2616 bot.
1300 2541 1509 2639 89)

742 2619 1145 2735 Corollam
1223 2682 1265 2730 a
1345 2655 1792 2755 perianthio
1878 2654 2278 2757 distingui,
2363 2615 2584 2761 quod

543 2773 675 2851 illa
727 2798 912 2848 cum
963 2769 1427 2850 staminibus
1478 2770 1636 2847 situ
1670 2772 2012 2861 alternet,
2052 2773 2587 2873 perianthium

547 2901 813 2967 autem
904 2898 1358 2987 opponatur
1446 2885 1691 2983 (Phil.
1779 2886 1940 2961 bot.
1989 2873 2204 2980 90.).
2329 2886 2582 2979 Certe,

544 2999 938 3099 ejusmodi
991 3000 1393 3080 alternatio
1444 2998 1528 3074 in
1561 2998 1801 3075 'floris
1847 2997 2197 3097 partibus
2231 2994 2407 3074 fieri
2449 2997 2583 3078 de·

542 3114 694 3203 bet,
744 3141 929 3192 nam
976 3114 1043 3189 si
1094 3111 1503 3196 foliorum„
1533 3110 1971 3207 analogiam
2007 3124 2322 3211 spectas,
2356 3115 2583 3196 verti-

541 3228 764 3305 cillos
811 3227 1199 3309 foliorum
1257 3222 1664 3326 proximos
1715 3222 2004 3300 eodem
2052 3224 2307 3302 modo
2360 3227 2581 3304 alter·

539 3355 814 3417 nantes
875 3339 1195 3416 videbis.
1317 3338 1418 3412 At
1484 3332 1827 3434 difficilis
1877 3362 2107 3439 saepe
2158 3339 2577 3433 distinctio,

538 3475 727 3530 nam
774 3478 942 3529 non
990 3475 1170 3530 raro
1220 3474 1433 3528 unus
1484 3450 1833 3553 alterque
1884 3452 2100 3528 orbis
2151 3452 2439 3531 deficit.

684 3591 687 3595 ’
732 3568 1096 3664 Calycem
1189 3565 1659 3641 corticosam
1750 3564 2186 3669 pedunculi
2281 3565 2576 3646 floralis

537 3681 1152 3785 productionem
1216 3691 1445 3754 vocat
1503 3680 1809 3758 Iussieu
1874 3682 2116 3778 (Gen.
2176 3682 2281 3782 pl.
2347 3683 2575 3781 XX..)

535 3797 724 3879 hinc
798 3796 936 3898 qui
1015 3819 1200 3871 eum
1268 3807 1713 3891 sequuntur
1773 3795 2055 3870 volunt
2103 3796 2441 3893 calycem
2490 3797 2575 3886 in

535 3906 1080 4013 pedunculum
1144 3905 1490 3996 transire.
1612 3910 1712 3984 At
1780 3909 1864 3983 in
1938 3910 2207 3986 multis
2266 3912 2571 4012 perigo-

535 4023 793 4114 nium‚
885 4025 1110 4131 quod
1179 4026 1391 4124 calyx
1456 4024 1812 4100 Iussieuo
1879 4039 2236 4113 vocatur,
2302 4025 2570 4101 distin·-
