2843 4800
1148 340 1526 418 FOLIA.
1948 355 1952 360 ·
2147 305 2349 422 '183

289 542 663 629 cinatum,
739 539 806 616 si
889 538 1212 617 laciniae
1283 556 1724 626 retrorsum
1805 567 2068 622 versae
2137 560 2346 635 sunt,-

291 657 476 734 alias
525 653 577 730 f.
626 654 1014 741 cristatum
1061 679 1117 731 s.
1168 657 1462 746 crzktat‘e
1497 647 2078 761 pt’nnatg‘fidum.⁸

479 766 829 847 Folium
852 772 1309 869 angulatum
1355 770 1575 847 sinus
1624 773 1864 850 habet
1914 774 2033 849 vix
2082 774 2166 849 in
2214 772 2340 850 fo-

288 884 490 960 lium
536 884 947 971 intrantes,
1016 896 1094 959 et
1141 896 1257 961 est
1300 884 1775 1002 triangulare
1824 930 1919 946 --
1925 887 2339 965 multian-

288 999 577 1098 gulare.

291 1236 493 1324 110.
644 1229 1219 1322 Nervorum
1327 1230 1895 1350 distributio
2004 1247 2174 1326 aut
2277 1262 2334 1327 e

298 1493 305 1499 ἱ
409 1377 610 1502 ὂαεί
663 1374 896 1488 folii
978 1369 1122 1474 fit,
1216 1386 1387 1463 aut
1423 1389 1426 1392 ’
1469 1383 1532 1462 ε’
1585 1380 1944 1510 petiol0,
2043 1388 2144 1464 et
2215 1377 2341 1464 ad

405 1511 889 1629 marginem
950 1540 1266 1631 usque
1320 1530 1762 1632 penetrat,
1822 1515 2004 1606 ηεό
2039 1548 2171 1606 ne.

477 1683 782 1760 Omnes
845 1681 1063 1756 nervi
1130 1705 1175 1757 e
1222 1681 1388 1758 basi
1440 1680 1614 1758 folii
1662 1681 2113 1783 procedunt
2149 1699 2333 1786 ‘par-4

288 1796 486 1873 alleli
549 1808 685 1873 aut
747 1807 1198 1871 antrorsum
1261 1795 1516 1894 magis
1549 1797 1954 1890 ·minusve‘
2007 1799 2332 1874 conver-

284 1926 580 2010 gentes,
643 1909 726 1983 in
792 1907 993 1985 folio
1055 1911 1464 2008 gramineo
1530 1924 1607 1988 et
1664 1910 2077 1987 similibus,
2172 1914 2334 1988 Aut

283 2049 562 2102 omnes
676 2023 1039 2125 aequales
1134 2037 1371 2113 sunt,
1488 2039 1624 2102 aut
1714 2023 2030 2103 medius
2129 2048 2329 2100 cras-

281 2142 474 2229 sior,
548 2152 684 2215 aut
746 2136 1079 2239 quidam
1140 2138 1329 2215 hinc
1394 2139 1587 2216 inde
1649 2140 2083 2218 crassiores.
2190 2142 2334 2215 Est

278 2254 570 2332 folium
619 2279 1014 2329 nervosum
1061 2267 1140 2329 et
1187 2251 1522 2354 quidem
1558 2258 1922 2357 parallele
1968 2269 2104 2331 aut
2149 2281 2327 2330 con-

282 2369 633 2470 vergentz-
602 2395 1061 2445 -neroosum
1180 2368 1265 2444 Si
1327 2367 1548 2444 nervi
1610 2370 1878 2471 parvis
1913 2367 2173 2447 nervis
2219 2366 2337 2443 la-

276 2483 652 2560 teralibus
688 2495 1286 2570 connectuntur,
1336 2487 1732 2562 cenulam-
1746 2513 2137 2562 neroosum
2171 2480 2324 2558 dici

277 2608 560 2698 potest,
609 2620 671 2670 e.
718 2619 786 2694 g.
834 2597 922 2672 in
969 2595 1429 2696 Philhydro,
1464 2603 1802 2675 Zostera.
1908 2596 2326 2676 Interdum

279 2709 500 2785 nervi
547 2711 1039 2812 prominent,
1087 2724 1182 2786 ut
1224 2710 1634 2787 interstitia
1679 2715 1931 2789 sulcos
1980 2713 2268 2787 sistant.

475 2822 557 2899 Si
610 2824 850 2911 ,nervi
926 2848 1209 2900 omnes
1285 2848 1330 2900 e
1401 2824 1780 2924 primario
1860 2837 2175 2911 exeunt,
2251 2834 2329 2897 at

278 2936 625 3039 paralleli
701 2951 778 3014 et
823 2937 1172 3026 indivisi,
1243 2936 1536 3013 folium
1600 2936 1809 3013 dicas
1867 2940 2321 3015 hinoide'um.

275 3053 653 3152 Exempla
684 3053 1066 3153 praebent
1100 3051 1637 3138 Scitamin'eae,
1673 3052 2134 3127 Orchideae.
2197 3054 2327 3127 In-
2419 3041 2430 3051 ”

277 3164 597 3242 terdum
661 3166 917 3268 parvis
981 3166 1238 3244 nervis
1301 3164 1750 3241 lateralibus
1829 3162 2325 3263 conjungun-

273 3293 409 3355 tur
454 3280 672 3355 nervi
726 3303 770 3357 e
816 3280 1196 3382 primario
1249 3291 1636 3366 exeunteS‚
1672 3277 1897 3380 quod
1941 3281 2322 3355 oenaloso-

274 3394 716 3471 Iu'noideum
778 3393 935 3471 dici
1000 3408 1293 3496 potest,
1362 3407 1460 3471 ut
1517 3391 1605 3467 in
1682 3391 2099 3470 Orchideis
2148 3391 2322 3495 qui-

276 3506 639 3584 busdam.

470 3621 794 3698 Folium
863 3650 1215 3700 venusam
1273 3634 1388 3698 est
1402 3681 1434 3718 ,‚
1494 3622 1560 3697 si
1611 3621 1829 3699 nervi
1876 3619 2228 3698 laterales
2277 3642 2321 3693 e

277 3734 659 3835 primario
725 3722 1012 3812 exeunt
1067 3736 1278 3812 varie
1324 3735 1605 3837 partiti.
1700 3737 2016 3812 Folium
2067 3761 2321 3812 nerva-
2361 3792 2364 3797 .

162 3870 167 3871 ’
280 3865 445 3926 tum
507 3848 797 3927 dicitur
854 3850 923 3926 si
980 3849 1249 3952 plures
1311 3850 1530 3926 nervi
1608 3850 2019 3926 crassiores
2083 3872 2126 3922 e
2188 3869 2322 3947 pe-

279 3962 477 4040 tiolo
527 3963 615 4039 in
663 3963 1043 4040 laminam
1092 3977 1406 4052 exeunt,
1482 3963 1773 4042 eodem
1833 3959 2088 4038 modo
2147 3984 2321 4059 par·

283 4074 436 4168 titi,
483 4079 617 4155 «uti
681 4102 970 4157 nervus
1029 4078 1471 4182 primarius.
1595 4081 1733 4155 Est
1794 4078 1932 4155 tri·
1947 4075 2323 4155 multiner-
