2843 4800
511 358 662 434 262
978 410 984 419 -
1360 355 1590 432 FLO
1615 355 1686 428 S.

517 564 773 640 vocat,
857 565 932 627 et
1007 551 1255 652 ipsius
1333 550 1588 627 valvas
1670 548 2005 648 glumas,
2080 544 2549 623 corollinam

514 692 703 744 vero
754 665 1219 762 stragulum,
1268 665 1672 766 ipsiusque
1721 663 1972 738 valvas
2033 661 2309 762 paleas,
2422 658 2549 735 Sic

515 795 772 884 partes
821 777 1097 854 eadem
1144 793 1529 855 structura
1565 790 1640 853 et
1671 801 1898 878 saepe
1933 799 2258 877 quoque
2289 774 2550 851 forma

521 892 1063 970 diversissimis
1096 892 1559 968 nominibus
1589 892 1999 989 insignitae
2034 903 2234 965 sunt.
2302 893 2555 965 Voca-

518 1006 806 1083 bulum
869 1006 1135 1107 paleae
1193 1006 1538 1081 bracteas
1600 1005 1957 1106 quidem,
2032 1018 2108 1080 at
2167 1004 2253 1079 in
2312 1002 2554 1100 longe

504 1121 669 1197 -alia
715 1120 1295 1197 inflorescentia
1341 1121 1654 1195 indicat.

711 1234 962 1310 Arista
1030 1234 1498 1310 Graminum
1564 1247 1677 1309 est
1736 1230 2224 1310 continuatio
2276 1254 2555 1306 nervo-

522 1372 726 1434 rum,
774 1347 880 1421 ita
929 1361 1214 1434 tamen,
1261 1362 1352 1423 ut
1402 1348 1826 1450 epidermis
1876 1358 2263 1447 sequatur.
2347 1346 2558 1422 Con-

466 1470 473 1479 '
523 1475 670 1537 stat
718 1485 761 1537 e
810 1461 1008 1535 vasis
1059 1460 1406 1552 fibrosiS‚
1457 1462 1869 1564 spiralibus
1906 1454 2379 1545 oblitteratiS,
2412 1480 2558 1532 nec

521 1599 692 1650 non
738 1576 1389 1675 prosenchymate
1458 1592 1533 1651 et
1579 1574 2182 1678 parenchymate
2230 1572 2563 1661 circum-

523 1686 737 1765 fusis,
829 1692 931 1765 Et
961 1688 1374 1786 glandulae
1423 1704 1791 1766 cutaneae
1822 1689 1907 1763 in
1940 1687 2129 1789 ipsis
2160 1685 2565 1788 reperiun-

523 1815 674 1878 tur.
767 1803 1155 1879 Beauvois
1205 1818 1449 1878 setam
1497 1806 1592 1879 ab
1630 1805 1855 1880 arista
1893 1800 2313 1899 distinguit,
2345 1800 2562 1875 illam

528 1936 574 1992 e
632 1917 926 2003 nervi&
1009 1917 1212 1992 hanc
1274 1918 1537 1994 subito
1591 1918 1813 2019 'quasi
1866 1915 2076 1992 oriri.
2173 1920 2273 1992 At
2320 1915 2566 2001 arista,

528 2052 775 2130 quam
826 2029 1040 2118 dicit,
1091 2056 1403 2132 semper
1452 2056 1494 2107 e
1543 2055 1785 2106 nervo
1839 2029 2109 2117 oritur,
2143 2053 2287 2103 nec
2319 2027 2568 2124 magis

530 2142 878 2219 coriacea
930 2156 1045 2218 est
1089 2145 1174 2219 in
1230 2143 1620 2221 Gaudinia
1668 2143 1942 2242 fragili,
1994 2168 2236 2244 quam
2271 2142 2572 2218 Tritico'

532 2254 797 2330 sativo.
907 2258 1291 2333 Tortilem
1365 2283 1595 2359 saepe
1671 2281 1835 2335 esse
1887 2270 1963 2332 et
2012 2258 2278 2333 colore
2342 2256 2568 2333 fusco

530 2368 924 2444 imbutam
1019 2371 1494 2450 characteres
1588 2396 1754 2449 non
1848 2387 2034 2450 sunt
2114 2371 2570 2449 essentiales·

536 2487 939 2559 structura
1011 2486 1341 2563 minime
1427 2485 1823 2563 differunt.
1956 2491 2215 2564 Setam
2295 2510 2574 2564 omnes

533 2597 887 2675 Botanici
934 2598 1191 2700 pilum
1238 2616 1622 2678 vocarunt
1667 2601 2040 2700 rigidum.

727 2717 1028 2788 Panzer
1086 2713 1171 2787 in
1235 2715 1443 2791 Actis
1490 2715 1720 2792 Acad.
1769 2723 2077 2793 Monac.
2130 2722 2216 2792 T.
2264 2719 2391 2793 IV.
2441 2738 2577 2817 pe-

536 2824 1018 2923 ristachyum
1083 2844 1310 2904 vocat
1385 2857 1448 2902 νε
1476 2828 1635 2906 lvas
1701 2833 2114 2908 exteriores
2185 2826 2575 2916 rudioreS‚

541 2937 883 3035 calycem
942 2942 1210 3018 minus
1271 2943 1540 3033 rudeS,
1593 2944 1971 3021 corollam
2018 2941 2450 3030 teneriores
2501 2956 2581 3018 et

537 3052 799 3129 nervis
833 3052 1290 3153 'majoribus
1352 3073 1717 3134 carentes.
1811 3061 1908 3133 At
1956 3055 2316 3130 teneritas
2363 3054 2578 3132 falla-

544 3188 717 3242 cem
784 3165 1025 3245 efficit
1088 3172 1610 3247 characterem
1671 3184 1749 3246 et
1817 3193 2249 3245 nervorum
2324 3168 2578 3246 distri·

434 3341 443 3350 .
540 3278 770 3356 butio
825 3281 1122 3358 eadem.

732 3396 968 3471 Nervi
1032 3397 1117 3471 in
1180 3394 1558 3471 omnibus
1614 3395 1829 3473 hisce
1891 3397 2222 3474 bracteis
2283 3400 2471 3476 recti
2533 3424 2577 3474 a

544 3506 711 3587 basi
773 3509 875 3585 ad
939 3510 1237 3611 apicem
1291 3526 1752 3600 excurrunt,
1804 3512 2083 3590 eadem
2132 3512 2580 3614 saepissime

547 3619 774 3723 copia
819 3621 906 3696 in
956 3622 1232 3699 eadem
1280 3625 1562 3727 planta.
1663 3626 2070 3726 singulare
2103 3642 2218 3704 est
2246 3626 2582 3703 tenerio-

547 3759 672 3813 res
733 3760 932 3825 esse,
993 3737 1134 3813 ubi
1197 3739 1388 3817 aliae
1447 3755 1703 3842 partes
1750 3740 2259 3830 incumbunt,
2308 3739 2582 3817 rudio·
2701 3739 2712 3762 “

547 3872 670 3926 res
718 3850 861 3926 ubi
911 3852 1205 3943 nudae,
1259 3880 1461 3956 quae
1496 3854 1794 3931 rudior
1839 3870 2136 3931 textura
2199 3882 2240 3931 a
2306 3876 2582 3957 paren·

550 3962 906 4061 chymate
956 3967 1436 4046 circumfuso
1489 3970 1764 4053 oritur;
1813 3996 1881 4044 v.
1931 3993 1986 4043 s.

735 4081 1140 4160 Facillime
1197 4083 1283 4159 in
1343 4080 1534 4162 folia
1599 4091 2066 4168 excrescunt,
2120 4093 2213 4158 ut
2256 4081 2342 4157 in
2393 4084 2584 4158 Gra·

548 4193 899 4274 minibus
947 4197 1058 4274 sic
1109 4197 1332 4275 dictis
1378 4197 1739 4300 viffiparis
1785 4193 2165 4271 videmus.
2692 4187 2701 4194 ”
