2843 4800
890 311 1032 387 ΒΤ
1049 308 1641 390 imorum.
2023 391 2041 404 „
2114 276 2121 287 ’
2198 315 2292 392 79

234 510 763 613 capacitatem.
862 512 962 586 At
1010 505 1413 610 duplicem
1459 507 2011 610 quaestionem
2052 514 2294 591 simul

233 623 625 728 proponit
689 637 1009 711 auctor,
1056 624 1245 700 hinc
1304 646 1780 724 responsum
1840 627 2113 703 minus
2162 635 2297 730 ap-

235 756 431 817 tum.
517 735 912 851 sphaerae
959 738 1200 826 enim,
1253 763 1743 840 quamquam
1795 742 2293 841 capacissima

237 854 397 929 sint
457 877 831 951 corpora,
875 854 1219 928 maxima
1269 866 1534 928 tamen
1592 854 1998 932 interstitia
2056 858 2295 933 relin-

240 984 502 1070 quunt
566 968 712 1040 sibi
780 968 1196 1066 appositae.
1335 972 1465 1040 Sat
1541 986 1841 1044 constat
1921 974 2291 1070 prismata

238 1086 643 1178 hexagona
696 1080 840 1154 sibi
894 1082 1246 1180 apposita
1299 1084 1626 1158 minima
1679 1084 2121 1184 relinquere
2173 1088 2291 1162 in·-

238 1198 579 1274 terstitia.

434 1310 782 1386 Cellulae
848 1308 1411 1408 sphaeroideae
1479 1324 1611 1384 aut
1661 1310 2033 1406 globosae
2085 1330 2289 1403 sunt,

240 1438 380 1500 aut
446 1424 842 1524 ellipticae,
898 1438 1032 1496 aut
1080 1424 1561 1518 irregulares,
1663 1426 2057 1526 Ellipticas
2109 1430 2289 1506 vide

238 1546 340 1615 T.
404 1544 468 1612 1.
532 1538 580 1612 f.
618 1544 724 1612 10.
778 1564 818 1612 e
872 1538 1088 1612 caule
1128 1538 1497 1611 Orchidis
1547 1538 1941 1626 latifoliae,
1991 1544 2289 1640 irregu-

236 1654 446 1726 lares
510 1650 604 1726 ad
654 1652 970 1726 lacunas
1018 1652 1551 1750 reperiuntur,
1601 1678 1667 1724 v.
1721 1658 1809 1726 T.
1863 1660 1975 1726 ll.
2025 1654 2075 1726 s.
2129 1662 2189 1730 1.
2245 1682 2287 1734 e

236 1768 498 1844 baccis
546 1766 914 1866 luniperi.

436 1880 926 1979 Cylindricae
988 1880 1072 1953 in
1136 1880 1487 1977 partibus
1567 1880 1945 1977 elongatis
2017 1906 2287 1959 occur-

240 2011 458 2083 runt,
508 2021 740 2096 saepe
790 2019 1114 2095 quoque
1168 1993 1331 2067 aliis
1381 1995 1883 2069 intermixtae.

432 2117 710 2187 Mutua
790 2109 1196 2209 pressione
1270 2109 1751 2207 prismaticas
1826 2109 2031 2197 fieri,
2105 2137 2291 2212 pro-

132 2251 142 2258 ·
240 2227 434 2301 bant
482 2223 836 2309 cellulae,
902 2247 1102 2321 quae
1154 2247 1321 2295 non
1373 2225 1521 2297 nisi
1573 2225 1712 2297 ubi
1767 2249 1931 2299 sese
1985 2231 2287 2303 contin-

238 2355 458 2437 gunt,
510 2339 912 2435 angulatae
964 2335 1186 2411 fiunt.
1288 2337 1443 2411 Cfr.
1499 2343 1585 2411 T.
1641 2343 1701 2411 1.
1756 2337 1801 2411 f.
1853 2345 1917 2413 6.
1955 2342 2031 2437 (e
2069 2345 2287 2419 caule

240 2453 618 2531 Orchidis
682 2451 1072 2525 latifoliae.
1188 2453 1389 2525 Hinc
1443 2479 1607 2525 non
1661 2479 1975 2553 semper
2023 2483 2287 2531 sexan-

234 2567 556 2665 gulares
588 2567 1100 2663 reperiuntur,
1138 2567 1274 2639 sed
1315 2567 2057 2671 quinquangulareS,
2085 2589 2287 2673 sept-

234 2678 660 2775 angulares
692 2693 840 2753 etc.

231 2959 382 3052 49.
503 2950 1028 3078 Magnztudo
1099 2944 1706 3047 'cellularum
1762 2945 2074 3049 ¹varta
2087 2935 2289 3069 sest,

359 3098 475 3186 in
548 3097 1004 3187 maximis
1072 3096 1462 3216 plantis
1525 3102 1746 3187 non
1835 3100 2290 3238 maxima,

359 3236 473 3325 in
526 3236 1088 3352 junioribus
1149 3238 1580 3393 mium-'3
1570 3253 2075 3330 crescunt
2118 3232 2291 3395 ex*

332 3378 878 3519 pansione.

424 3585 773 3674 Arbores
836 3584 1254 3673 maximae,
1320 3609 1382 3661 e.
1434 3608 1502 3683 g.
1554 3584 2006 3676 coniferae,
2055 3612 2288 3689 saepe

237 3720 506 3797 parvas
554 3699 854 3774 habent
902 3697 1242 3776 cellulas,

421 3811 812 3889 Maximae
856 3827 1058 3890 sunt
1117 3810 1439 3889 cellulae
1489 3812 1595 3887 in
1671 3812 2143 3893 succulentis
2188 3826 2292 3889 et

238 3922 314 3997 in
379 3915 791 4026 aquatici&
854 3927 941 4004 in
1003 3925 1356 4005 medulla
1408 3926 1649 4004 caulis
1696 3926 2117 4008 e-t-eofflce
2165 3927 2286 4004 in·-

239 4039 540 4115 teriore.
2199 4074 2202 4080 ·
