2843 4800
569 286 720 363 458
1239 288 1968 379 GEOLOGICA.

570 490 775 581 231.
829 455 835 460 .
897 490 1408 581 Relationes
1494 496 1677 584 loci
1756 498 2085 584 natalis
2172 493 2300 585 ad
2375 500 2620 586 indo-

686 634 853 719 lem
914 628 1489 748 plantarum
1556 662 1609 723 e
1657 633 1993 725 calore
2041 647 2140 724 et
2176 634 2622 727 humore

685 771 1287 911 praesertim
1349 772 1825 892 pendent.

752 941 985 1018 Initia
1034 941 1287 1041 hujus
1309 943 1714 1021 doctrinae
1747 947 2168 1047 proposuit
2203 946 2613 1033 Linnaeus,

564 1053 765 1131 dum
827 1056 932 1131 ait
997 1057 1180 1156 (Ph.
1241 1059 1402 1134 bot.
1469 1060 1707 1155 168).
1771 1061 2056 1153 Nescio
2128 1085 2332 1161 quae
2381 1040 2616 1135 facies

559 1183 811 1259 torva,
862 1173 1092 1261 sicca,
1145 1173 1482 1249 obscura
1533 1170 1759 1262 Afris,
1811 1199 2015 1275 quae
2064 1173 2446 1275 superba,
2498 1198 2615 1248 ex-

562 1284 787 1362 altata
850 1286 1234 1375 AsiaticiS,
1326 1310 1530 1389 quae
1604 1286 1838 1376 laeta,
1912 1288 2175 1387 glabra
2222 1288 2614 1393 America-

557 1399 699 1487 niS‚
737 1415 1394 1500 quae‘coarctata,
1447 1401 1811 1478 indurata
1845 1401 2167 1503 Alpinis.
2241 1407 2407 1480 Nec
2449 1426 2612 1478 non

559 1513 798 1611 (ibid.
862 1515 1112 1614 314.):
1176 1519 1440 1593 Locus
1515 1543 1863 1618 aquosus
1942 1516 2136 1594 folia
2214 1516 2609 1604 inferiora,

557 1643 983 1706 montosus
1036 1628 1301 1705 aute‘m
1351 1631 1761 1731 superiora
1813 1632 2122 1732 saepius
2171 1629 2429 1708 findit.

747 1744 1066 1831 Plantae
1138 1740 1410 1821 minus
1445 1776 1452 1781 ·
1483 1743 1871 1845 perfectae
1942 1747 2213 1822 minus
2281 1769 2609 1847 quoque

552 1857 1003 1935 secundum
1065 1857 1239 1935 loca
1289 1859 1571 1936 natalia
1620 1860 1947 1948 variant,
1995 1860 2113 1937 uti
2164 1857 2321 1956 jam
2375 1868 2607 1962 supra

554 1971 878 2048 dictum.
999 1973 1383 2065 Lichenes
1463 1974 1791 2051 eosdem
1864 1975 1945 2049 in
2035 1973 2456 2057 arboribus
2538 1986 2610 2048 et

548 2087 746 2162 saxis
808 2087 1229 2187 provenire
1290 2087 1564 2177 viden,
1627 2112 1775 2163 nec
1825 2112 1993 2163 non
2045 2089 2127 2164 in
2178 2087 2606 2164 remotissi-

545 2201 702 2275 mis
749 2200 1231 2296 regionibus

739 2311 1198 2415 Excipiendi
1261 2312 1553 2411 Fungi‚
1595 2312 1761 2415 ,qui
1814 2328 1950 2391 aut
1996 2315 2080 2390 in
2125 2315 2604 2417 corporibus

547 2427 943 2528 corruptis
992 2427 1555 2525 singularibus,
1610 2452 1670 2505 e.
1721 2452 1789 2529 g.
1850 2429 2160 2507 insectis
2214 2429 2599 2530 corruptis

542 2556 889 2634 tantum,
939 2542 1027 2617 in
1077 2543 1376 2642 ungula
1429 2544 1736 2645 equina,
1788 2546 2113 2638 tandem
2162 2546 2246 2623 in
2299 2544 2594 2643 singula

541 2656 855 2758 plantae
905 2658 1191 2758 specie.»
1213 2658 1713 2759 proveniunt,
1757 2657 1875 2754 uti
1915 2660 2336 2753 Caeomata
2378 2658 2594 2734 varia.

539 2775 753 2849 Haec
829 2772 1047 2848 enim
1123 2772 1659 2875 Cryptophyta
1739 2796 1922 2849 vera
2002 2772 2375 2850 videntur
2444 2776 2596 2849 En·

539 2886 889 2989 tophyta.
1823 2923 1824 2926 ¹

577 3021 583 3029 ’
738 3000 977 3078 Calor
1034 3001 1460 3104 regionum
1522 3000 2209 3101 intertropicarurn
2273 3000 2598 3133 explica·

537 3114 847 3205 tionem
900 3130 1351 3246 promovet.
1450 3116 1653 3210 Hinc
1693 3114 2022 3216 plantae
2059 3114 2272 3191 foliis
2320 3116 2595 3216 pinna-

536 3230 638 3306 tis
691 3243 766 3305 et
823 3230 1216 3331 pinnatim
1283 3230 1747 3329 compositis
1810 3230 1895 3304 in
1959 3228 2421 3327 regionibus
2480 3255 2595 3305 ca-

535 3341 724 3432 lidis
773 3345 1236 3444 praesertim
1269 3345 1769 3445 proveniunt,
1817 3343 2093 3445 ibique
2142 3343 2594 3444 saepissime

533 3457 621 3533 in
686 3458 1009 3534 arbores
1078 3472 1548 3550 excrescunt.
1671 3459 2017 3550 Arbores
2078 3458 2594 3559 paucissimae

537 3586 924 3648 nostrates
996 3571 1188 3649 folia
1256 3573 1606 3674 pinnata„
1652 3586 1936 3671 gerunt
2007 3572 2093 3647 in
2168 3571 2589 3672 frigidiori-

532 3686 686 3790 bus
736 3686 877 3763 ubi
927 3687 1309 3781 Fraxinus
1359 3700 1620 3780 cessa-t,
1671 3684 1907 3776 nulla.
1978 3689 2074 3764 In
2123 3710 2409 3784 genere
2461 3709 2589 3762 co·

436 3791 437 3796 ¹
532 3801 663 3906 pia
763 3802 1216 3906 plantarum
1306 3800 2024 3899 Leguminosarum
2130 3798 2589 3905 praesertim

534 3916 918 4008 arborum
968 3940 1157 4011 cum
1209 3916 1494 3995 calore·
1522 3914 1811 4006 crescit.

728 4032 1212 4108 Irritabilitas
1261 4030 1710 4133 plantarum
1762 4041 2092 4126 augetur
2141 4028 2225 4105 in
2276 4026 2588 4104 climate
