2843 4800
567 361 664 434 44
822 374 823 379 ’
1344 359 1826 436 PLANTA.

760 560 965 639 Hinc
1002 620 1007 625 .
1042 564 1281 661 patet
1333 564 1562 634 'notas
1654 561 2038 658 generum
2130 560 2383 659 magis
2478 587 2616 639 vo÷

566 672 806 750 luisse
882 674 1325 751 constantes
1337 731 1357 770 ,
1425 697 1670 773 quam
1738 675 2226 775 specierum»
2294 680 2615 753 -Incon-

564 790 930 865 stantiam
991 802 1068 863 et
1133 787 1656 864 constantiam
1704 802 2101 864 notarum·
2127 789 2613 887 ignoramuS,

565 905 717 980 nisi
785 902 1261 1004 experientia·
1296 900 1602 979 edocti.
1731 903 2151 979 Hinc'nisi
2214 903 2403 979 velis
2462 930 2614 1006 pro

562 1019 839 1095 lubitu=
874 1017 1157 1116 genera
1196 1016 1691 1114 ³distinguere
1731 1017 2256 1093 autobsc'uris
2291 1018 2616 1118 quibus·

564 1133 753 1209 dam
844 1133 1357 1209 notionibus
1408 1129 1766 1219 ductus·‚·
1775 1131 2047 1208 sicuti
2138 1132 2615 1234 plerumque

561 1246 737 1323 fieri
799 1246 1039 1334 solet,
1068 1245 1195 1321 ad
1244 1244 1502 1322 talem
1563 1243 2120 1377 definitionem
2168 1247 2429 1323 redire
2480 1245 2616 1322 de-

558 1361 732 1450 bes,
784 1361 1103 1464 qualem
1150 1359 1576 1492 prop'osui.
2171 1394 2176 1398 ·
2349 1394 2354 1399 ·

734 1482 928 1554 Hoc
979 1474 1285 1551 dictum
1333 1475 1435 1551 sit
1482 1474 1584 1553 de
1631 1475 2054 1573 generibus
2102 1473 2610 1552 naturalibus,

561 1593 645 1668 Si
727 1617 915 1667 vero
1002 1590 1279 1666 classes
1362 1614 1407 1666 e
1488 1590 1957 1667 staminibus
2031 1591 2321 1691 (aliave
2392 1604 2613 1690 parte

559 1705 947 1805 singula),
1000 1700 1321 1781 ordines
1363 1692 1415 1780 'e
1465 1705 1771 1805 pistillis
1824 1705 2117 1803 (aliave
2166 1704 2432 1807 parte)
2483 1726 2610 1800 ge-

556 1846 711 1896 nus
763 1845 805 1896 e
853 1820 1179 1921 reliquis
1225 1817 1449 1895 floris
1482 1817 1944 1919 fructusque
1976 1820 2219 1908 notiS‚
2266 1818 2610 1920 speciem

560 1962 652 2012 ex
700 1932 947 2011 herba
999 1934 1480 2031 distinguere
1529 1933 1675 2020 vis,
1723 1933 2051 2008 habebis
2099 1957 2384 2032 genera
2435 1933 2612 2008 arti,

553 2050 837 2125 ficialia
905 2073 1093 2125 cum
1155 2048 1567 2149 speciebus
1631 2046 2122 2124 naturalibus
2170 2073 2340 2123 non
2392 2072 2610 2123 com-

551 2162 923 2240 binanda.

554 2384 697 2479 28.
818 2358 1143 2474 ‘Oi-do.
1224 2378 1705 2471 naturalis
1804 2376 1951 2483 fit,
2059 2409 2293 2471 cum
2398 2410 2609 2471 om-

562 2505 567 2512 ¹
670 2553 856 2616 nes
952 2518 1527 2641 specierum
1623 2522 2266 2631 characteres
2356 2521 2605 2610 mul-

671 2665 797 2754 tis
864 2661 1278 2785 quide'm
1336 2661 1693 2766 modis,
1755 2660 1935 2753 sed
1994 2653 2262 2751 intra
2310 2655 2603 2777 angu-

671 2817 878 2895 stos
941 2804 1304 2904 limites
1366 2804 1785 2918 inclusis,
1843 2800 2346 2896 differunt.

744 2974 1089 3051 Ordines
1155 2972 1548 3051 naturales
1613 2957 1932 3049 eicistere
1992 2968 2336 3069 probant
2407 2973 2602 3046 Gra-

542 3088 799 3178 mina,
860 3089 1453 3176 Umbelliferae,
1520 3082 2031 3185 Compositae
2095 3105 2239 3156 seu
2306 3087 2600 3184 Synge-

542 3227 810 3290 nesae,
858 3205 1471 3300 Leguminosae,
1535 3195 2013 3283 Orchideae,
2082 3198 2598 3302 Scitamineae

544 3328 625 3390 et
668 3315 967 3391 multae
1019 3317 1230 3390 aliae.

739 3429 1096 3525 Quilibet
1157 3427 1363 3512 ordo
1429 3417 1802 3502 naturalis
1876 3426 2165 3504 multas
2246 3409 2595 3531 comple-

541 3541 777 3618 ctitur
839 3543 1169 3643 species,
1247 3543 1431 3618 alias
1494 3561 1797 3617 nomen
1864 3541 2168 3619 ordinis
2218 3542 2593 3620 naturalis

537 3680 710 3733 non
742 3655 1085 3754 haberet.
1187 3662 1494 3735 Genera
1526 3656 1864 3734 incertae
1899 3654 2108 3734 sedis
2142 3673 2342 3746 sunt,
2389 3658 2590 3734 dum

460 3835 463 3844 f
535 3795 826 3875 paucas
876 3772 1520 3873 complectuntur
1563 3773 1892 3874 species,
1954 3785 2130 3846 tum
2177 3795 2367 3847 vero
2418 3795 2592 3872 spe-

539 3886 812 3963 ciebus
874 3885 1240 3989 pluribus
1294 3886 1624 3963 wdetectis
1690 3901 1767 3962 et
1823 3887 1908 3961 in
1983 3883 2108 3960 his
2167 3881 2591 3985 generibus

537 3998 903 4102 pluribus
954 4001 1338 4078 distinctis
1384 3999 1471 4078 in
1523 3998 1847 4078 ordines
1893 4013 2303 4076 transeunt
2362 4014 2588 4076 natu-

533 4114 753 4192 mles»
790 4163 796 4172 -
861 4111 1153 4195 Multis·
1197 4117 1464 4220 itaque
1512 4114 1782 4193 modis
1831 4111 2152 4192 differre
2201 4114 2590 4214 characte-
