2843 4800
542 311 644 390 32
697 395 704 401 ,
970 360 976 365 ·
1325 314 1818 394 PLANTA

416 547 421 551 ·
542 526 834 616 quanta
900 512 991 591 in
1064 535 1310 611 regno
1381 510 1744 588 minerali
1821 473 2300 593 observatur.
2422 522 2586 597 Nec

542 653 730 704 cum
776 628 1040 726 rigore
1087 628 1435 728 partium
1483 613 1838 703 consistit
1886 625 2282 725 ejusmodi
2331 648 2585 712 muta-

535 743 689 832 tio,
752 742 942 817 hinc
1004 763 1207 841 opus
1270 752 1413 828 est,
1476 752 1571 816 ut
1615 738 1864 818 fluida
1910 742 2149 824 inter
2167 745 2421 826 solida
2467 749 2585 823 in-

536 842 1038 932 terlabantur.
1162 857 1266 932 Et
1342 852 1793 932 functiones
1852 867 2302 952 mutantur,
2380 885 2585 1000 quae

539 971 694 1047 alio
743 984 1104 1071 tempore
1156 969 1347 1044 aliae
1397 992 1567 1045 esse
1614 968 1894 1048 solent.
2177 994 2183 1003 ·

727 1081 1118 1160 Periodus
1193 1082 1551 1184 corporis
1625 1085 1972 1183 organici
2055 1056 2316 1167 totalis
2398 1090 2584 1168 alias

537 1221 867 1300 quoque
912 1194 1275 1298 partiales
1325 1197 1892 1297 complectitur.
1991 1203 2119 1279 Sic
2154 1227 2438 1278 annua
2439 1217 2584 1305 est,

539 1317 783 1415 'quam
830 1310 914 1387 in
962 1309 1412 1412 plantarum
1462 1308 1955 1397 florescentia
1978 1374 1998 1405 ‚
2051 1314 2582 1406 defoliatione‚

537 1441 617 1504 et
659 1425 1068 1502 fructuum
1115 1424 1642 1509 maturatione
1688 1426 2073 1519 videmus,
2122 1430 2232 1507 sic
2297 1432 2579 1509 diurna

537 1553 672 1627 est,
718 1539 806 1614 in
851 1536 1149 1637 vigiliis»,
1198 1560 1655 1640 somnoque
1706 1543 2153 1645 conspicua,
2205 1545 2315 1619 sic
2363 1569 2579 1621 mor-

532 1656 729 1731 bosa
791 1651 1184 1755 quaedam
1231 1651 1317 1727 in
1384 1652 1856 1733 animalibus
1915 1659 2376 1761 praesertim
2441 1658 2576 1735 de-

526 1766 1052 1871 prehenditur
1101 1779 1237 1873 etc.

722 1888 990 1959 Partes
1073 1879 1538 1958 animalium
1626 1881 1793 1961 fere
1876 1908 2159 1963 omnes
2241 1885 2575 1964 eandem

530 1997 830 2074 habent
893 1990 1341 2125 periodum'
1386 2008 1486 2071 'ac
1571 1992 1835 2074 totum
1918 2024 2240 2102 corpus,
2320 2015 2577 2103 partes

527 2108 1079 2209 vegetabilium
1168 2107 1523 2186 minime.
1659 2114 2162 2191 Enascuntur
2248 2114 2450 2189 rami
2531 2138 2576 2190 e

527 2248 873 2324 gemma,
935 2221 1415 2322 explicantur
1480 2238 1558 2301 et
1615 2226 1903 2327 partim
1953 2239 2282 2328 quoque
2328 2226 2575 2301 mori-

520 2354 807 2428 untur,
855 2337 1082 2415 dum
1160 2336 1463 2441 reliqua
1523 2338 1785 2441 planta
1845 2340 2083 2417 vitam
2147 2341 2574 2431 continuat.

524 2457 779 2533 Habet
839 2453 1104 2553 itaque
1166 2478 1345 2555 pars
1417 2454 1824 2555 propriam
1883 2453 2314 2556 periodum
2362 2481 2404 2532 a
2451 2468 2575 2530 to-

520 2569 682 2645 tius
744 2567 1055 2669 plantae
1112 2565 1453 2669 periodo
1520 2567 1941 2656 diversam,
1998 2582 2084 2670 „et
2130 2568 2318 2644 hinc
2367 2593 2572 2670 quo-

463 2759 471 2770 ,
526 2706 686 2785 que
770 2695 982 2782 patet
1049 2681 1397 2784 plantam
1474 2697 1654 2758 esse'
1730 2705 2023 2786 corpus
2105 2684 2570 2783 organicum

526 2796 1088 2898 compositum.
1312 2809 1326 2826 ·

712 2910 1169 3014 Plantarum
1230 2923 1490 3011 partes
1551 2911 1921 3011 genitales
1966 2935 2113 3011 per
2156 2922 2408 3016 totam
2454 2907 2566 2985 vi-

516 3040 682 3104 tam
746 3050 914 3102 non
963 3026 1389 3128 persistere,
1443 3026 1584 3103 sed
1635 3025 1913 3111 delabi,
1963 3047 2367 3123 novasque
2415 3022 2566 3098 ho-

515 3168 703 3218 rum
776 3142 958 3217 loco
1036 3140 1349 3225 enasci-2
1399 3153 1476 3213 et
1545 3137 1703 3212 hoc
1778 3136 2212 3213 charactere
2261 3136 2565 3238 plantas

519 3256 617 3329 ab
682 3252 1151 3330 animalibus
1217 3239 1562 3326 differre
1605 3248 2060 3348 Hedwigius
2126 3264 2403 3327 auctor
2450 3265 2565 3328 est
2611 3327 2618 3331 ,

517 3349 1039 3466 (Sammlung.
1089 3365 1276 3440 sein.
1327 3377 1732 3441 zerstreut‘
1771 3363 2136 3441 Aussiitze
2183 3391 2258 3467 p.
2310 3364 2527 3461 132).

546 3491 551 3494 ’
711 3480 920 3556 Cum
968 3485 1147 3580 pars
1193 3477 1955 3580 plantae‘propria'm
1986 3475 2271 3555 habeat
2298 3478 2561 3578 perio-

439 3674 444 3678 ,
515 3594 715 3671 dum
779 3617 948 3668 non
1012 3593 1311 3668 mirum
1363 3606 1508 3698 est,
1568 3615 1920 3691 gemmas
1967 3616 2394 3694 ramosque
2443 3616 2562 3668 se·-

511 3707 821 3808 junctos
872 3720 949 3782 et
996 3706 1170 3783 solo
1224 3707 1511 3808 aliique
1557 3706 1868 3808 plantae
1913 3707 2250 3783 insertos
2296 3705 2563 3807 perio·

514 3823 712 3898 dum
796 3820 943 3896 sibi
1017 3819 1466 3922 praefixam·
1519 3823 1981 3898 continuare
2057 3833 2134 3898 et
2195 3819 2560 3922 proprias

511 3927 787 4039 stirpes
838 3934 1150 4014 efficere
1197 3936 1653 4037 parentibus
1702 3933 2155 4013 simillimas.

1110 4053 1117 4062 '
1330 4073 1337 4074 f
2389 4050 2562 4125 Nec
