2843 4800
1139 302 1501 423 nos.-
2177 307 2319 382 257
2451 289 2460 298 ’

273 504 429 580 bus
513 496 961 600 et-pistillis
1036 497 1119 575 in
1185 511 1488 586 centro,
1568 496 1918 575 flosculis
1978 498 2318 598 ligulatis

274 615 498 717 quasi
564 612 841 715 petalis
906 613 991 686 in
1059 613 1363 692 ambitu
1432 613 1911 712 conspicuis,
1965 629 2041 689 et
2090 615 2314 715 quod

271 755 441 806 non
493 725 1063 813 omittendum,
1113 739 1328 802 totus
1380 726 1532 801 flos
1582 751 1811 827 saepe
1864 728 2208 827 aperitur
2240 743 2316 804 et

275 843 669 919 clauditur
717 855 980 927 noctu,
1031 841 1407 941 temperie
1458 840 1728 916 nubila
1782 855 1916 916 ete.
1969 840 2191 941 quod
2232 842 2317 916 in

268 955 851 1032 inflorescentia
901 979 1346 1055 numquam
1384 954 1679 1030 accidit.
1760 958 1947 1030 Non
1978 955 2082 1029 ita
2114 955 2319 1031 bene

270 1072 712 1147 Linnaeum
778 1079 855 1142 et
900 1070 1318 1143 Botanicos
1369 1069 1739 1167 antiquos
1778 1070 2320 1169 vituperatum

271 1184 593 1285 nuperi,
655 1182 1087 1257 terminum
1151 1180 1374 1257 floris
1436 1181 1853 1283 compositi
1918 1180 2147 1282 plane
2197 1207 2316 1256 re.-

274 1296 642 1395 jicientes.
726 1293 1330 1372 ·Intermedium
1396 1319 1583 1370 sane
1658 1309 1772 1370 est
1845 1294 2320 1372 anthodium

273 1413 481 1487 inter
527 1409 812 1485 florem
865 1422 943 1485 et
992 1407 1677 1485 inflorescentiam.

282 1592 486 1681 155.
607 1594 1150 1682 Anthedium
1238 1625 1528 1680 verum
1618 1603 1762 1681 est
1854 1591 1935 1679 si
1991 1574 2319 1697 'flores

406 1729 858 1820 anthedii
933 1728 1378 1844 ejusdem
1453 1712 2319 1843 gemmificationis

402 1870 529 1959 ab
596 1869 989 1958 ambitu
1036 1898 1378 1959 versus
1445 1882 1928 1969 centrum
1992 1898 2090 1957 a
2107 1869 2325 1980 basi

393 2036 737 2100 versus
836 2009 1228 2167 apicem
1322 2008 1732 2109 florent,
1816 2012 2325 2151 anthericum

397 2182 792 2269 spur-zum
860 2146 942 2234 si
1006 2148 1290 2238 aliter
1354 2178 1569 2239 sese
1632 2118 2041 2238 habent.
2247 2140 2288 2167 ”

463 2323 559 2396 In
625 2341 938 2393 racemo
1001 2315 1240 2393 flores
1303 2317 1717 2394 inferiores
1780 2294 2320 2421 praecociores
2412 2334 2419 2340 ·

279 2447 465 2511 sunt
515 2448 590 2509 et
638 2434 701 2507 si
755 2432 974 2507 aliter
1019 2456 1143 2524 res
1195 2458 1362 2510 sese
1412 2434 1677 2521 habet,
1739 2433 1964 2511 facile
2018 2433 2326 2533 conspi-

284 2549 521 2634 citur,
571 2545 813 2624 flores
859 2544 1274 2621 inferiores
1327 2546 1427 2622 ad
1479 2548 1810 2623 eandem
1846 2545 2326 2646 gemmifica-

264 2663 586 2738 ‘tionem
637 2684 803 2735 non
852 2659 1264 2760 pertinere.
1380 2660 1638 2754 Quod·
1690 2683 1856 2734 non
1909 2661 2175 2734 solu'm
2228 2658 2323 2733 ad

280 2776 596 2878 spicam,
660 2773 807 2848 sed‘
866 2797 1194 2873 quoque
1260 2772 1360 2846 ad
1428 2772 1862 2901 capitulum
1914 2784 1991 2847 et
2037 2765 2322 2848 vantho-

283 2890 511 2966 dium
574 2888 940 2989 applicari
989 2898 1266 2987 potest.
1368 2886 1450 2961 Si
1500 2885 1808 2963 flores
1786 2910 1872 2959 ln
1925 2884 2323 2970 autbodiis

283 3028 452 3078 non
518 3029 558 3077 a
621 3002 787 3077 basi
853 3026 1123 3094 versus
1189 2998 1525 3099 apicem,
1591 3013 1725 3074 aut
1790 3024 1832 3075 a
1881 2989 2326 3127 peripheria

284 3141 552 3191 versus
602 3131 960 3193 centrum
1009 3115 1329 3202 florent,
1384 3112 1727 3188 diversae
1780 3137 1963 3188 sane
1987 3111 2328 3226 gemmi-

288 3227 674 3304 ficationis
723 3243 925 3305 sunt.
1027 3227 1182 3305 Cfr.
1236 3252 1438 3329 quae
1486 3227 1631 3304 hac
1685 3221 1783 3302 de
1832 3252 1917 3301 re
1953 3238 2328 3314 accurate,

218 3375 222 3377 ·
286 3357 379 3418 ut
447 3342 662 3430 solet,
742 3342 1075 3553 ΡτῗιιιΙίι
1121 3346 1211 3420 R.
1275 3346 1569 3419 Brovvn
1628 3341 1887 3438 (Linn.
1939 3345 2328 3419 Transact.

290 3461 543 3534 T.·12.
606 3485 678 3558 p.·
726 3462 821 3533 91

344 3621 345 3624 ¹
477 3572 754 3647 Flores
825 3571 1215 3671 aggregatz
1268 3569 1530 3645 vocari
1594 3583 1964 3672 possunt,
2002 3555 2220 3671 qui
2247 3568 2332 3666 in
2435 3649 2439 3653 Α
2515 3621 2518 3630 «

272 3682 672 3760 «ιιιιιΙιοάἰο
752 3684 1051 3785 spurio
1104 3685 1525 3784 compositi
1609 3681 2373 3782 sunt,congregat1·

268 3798 427 3899 ‚qui
491 3798 575 3873 in
637 3821 867 3876 vero.
976 3802 1458 3896 Aggregatae
1497 3797 1746 3884 enim,
1800 3820 2005 3897 quae
2051 3815 2335 3870 vocan-

285 3921 417 3986 tur
494 3911 842 4012 plantae,
920 3911 1352 4014 capitulum
1417 3935 1564 3990 seu
1613 3883 2135 3985 anthodium
2154 3931 2347 4009 spu·

267 4024 501 4104 »rium
551 4038 852 4122 gerunt.
954 4030 1205 4128 Saepe
1250 4026 1339 4100 in
1383 4024 1657 4121 medio
1698 4013 2001 4212 {lorere
2033 4017 2340 4122 incipit,

1650 4138 1693 4209 1
