<?xml version="1.0" encoding="UTF-8"?>
<!DOCTYPE html PUBLIC "-//W3C//DTD XHTML 1.0 Transitional//EN"
    "http://www.w3.org/TR/xhtml1/DTD/xhtml1-transitional.dtd">
<html xmlns="http://www.w3.org/1999/xhtml" xml:lang="en" lang="en">
 <head>
  <title>
</title>
<meta http-equiv="Content-Type" content="text/html;charset=utf-8" />
  <meta name='ocr-system' content='tesseract 3.04.00' />
  <meta name='ocr-capabilities' content='ocr_page ocr_carea ocr_par ocr_line ocrx_word'/>
</head>
<body>
  <div class='ocr_page' id='page_1' title='image "./elementaphiloso01linkgoog_0297.png"; bbox 0 0 2843 4800; ppageno 0'>
   <div class='ocr_carea' id='block_1_1' title="bbox 1127 306 2438 462">
    <p class='ocr_par' dir='ltr' id='par_1_1' title="bbox 1127 306 2438 462">
     <span class='ocr_line' id='line_1_1' title="bbox 1127 306 2438 462; baseline -0.002 -51"><span class='ocrx_word' id='word_1_1' title='bbox 1127 332 1450 462; x_wconf 79' lang='lat' dir='ltr'><strong>rLos</strong></span> <span class='ocrx_word' id='word_1_2' title='bbox 2093 306 2438 447; x_wconf 13' lang='lat' dir='ltr'><strong>*zn&#39;&#39;</strong></span> 
     </span>
    </p>
   </div>
   <div class='ocr_carea' id='block_1_2' title="bbox 229 526 2347 3941">
    <p class='ocr_par' dir='ltr' id='par_1_2' title="bbox 229 526 2316 747">
     <span class='ocr_line' id='line_1_2' title="bbox 229 526 2316 644; baseline -0.002 -32"><span class='ocrx_word' id='word_1_3' title='bbox 229 535 492 644; x_wconf 15' lang='lat' dir='ltr'><strong>‘alias</strong></span> <span class='ocrx_word' id='word_1_4' title='bbox 494 527 979 644; x_wconf 79' lang='lat' dir='ltr'>appendices</span> <span class='ocrx_word' id='word_1_5' title='bbox 1025 528 1394 607; x_wconf 78' lang='lat' dir='ltr'><strong>laterales,</strong></span> <span class='ocrx_word' id='word_1_6' title='bbox 1489 528 1705 621; x_wconf 79' lang='lat' dir='ltr'><strong>Basi</strong></span> <span class='ocrx_word' id='word_1_7' title='bbox 1727 526 2056 607; x_wconf 78' lang='lat' dir='ltr'><strong>dilatata</strong></span> <span class='ocrx_word' id='word_1_8' title='bbox 2086 553 2316 633; x_wconf 83' lang='lat' dir='ltr'>saepe</span> 
     </span>
     <span class='ocr_line' id='line_1_3' title="bbox 267 642 2280 747; baseline -0.005 -21"><span class='ocrx_word' id='word_1_9' title='bbox 267 660 706 727; x_wconf 82' lang='lat' dir='ltr'><strong>occurrunt</strong></span> <span class='ocrx_word' id='word_1_10' title='bbox 752 648 863 747; x_wconf 91' lang='lat' dir='ltr'><strong>(e.</strong></span> <span class='ocrx_word' id='word_1_11' title='bbox 912 667 979 742; x_wconf 82' lang='lat' dir='ltr'><strong>g.</strong></span> <span class='ocrx_word' id='word_1_12' title='bbox 1028 645 1115 718; x_wconf 90' lang='lat' dir='ltr'><strong>in</strong></span> <span class='ocrx_word' id='word_1_13' title='bbox 1168 642 1743 744; x_wconf 85' lang='lat' dir='ltr'><strong>Campanulis).</strong></span> <span class='ocrx_word' id='word_1_14' title='bbox 2276 709 2280 716; x_wconf 90' lang='lat'><strong>.</strong></span> 
     </span>
    </p>

    <p class='ocr_par' dir='ltr' id='par_1_3' title="bbox 230 713 2327 2004">
     <span class='ocr_line' id='line_1_4' title="bbox 463 713 2318 859; baseline -0.002 -21"><span class='ocrx_word' id='word_1_15' title='bbox 463 766 803 839; x_wconf 81' lang='lat' dir='ltr'><strong>Inserta</strong></span> <span class='ocrx_word' id='word_1_16' title='bbox 838 773 1023 853; x_wconf 80' lang='lat' dir='ltr'><strong>sunt</strong></span> <span class='ocrx_word' id='word_1_17' title='bbox 1092 757 1585 859; x_wconf 83' lang='lat' dir='ltr'><strong>receptaculo</strong></span> <span class='ocrx_word' id='word_1_18' title='bbox 1671 773 1807 836; x_wconf 84' lang='lat' dir='ltr'><strong>aut</strong></span> <span class='ocrx_word' id='word_1_19' title='bbox 1882 758 2049 836; x_wconf 83' lang='lat' dir='ltr'><strong>basi</strong></span> <span class='ocrx_word' id='word_1_20' title='bbox 2134 713 2318 835; x_wconf 85' lang='lat' dir='ltr'><strong>atte-</strong></span> 
     </span>
     <span class='ocr_line' id='line_1_5' title="bbox 267 872 2318 975; baseline -0.001 -21"><span class='ocrx_word' id='word_1_21' title='bbox 267 891 529 961; x_wconf 76' lang='lat' dir='ltr'><strong>nuata</strong></span> <span class='ocrx_word' id='word_1_22' title='bbox 578 889 714 960; x_wconf 84' lang='lat' dir='ltr'><strong>aut</strong></span> <span class='ocrx_word' id='word_1_23' title='bbox 759 874 930 949; x_wconf 86' lang='lat' dir='ltr'><strong>lata.</strong></span> <span class='ocrx_word' id='word_1_24' title='bbox 1028 877 1236 949; x_wconf 83' lang='lat' dir='ltr'><strong>Haec</strong></span> <span class='ocrx_word' id='word_1_25' title='bbox 1288 897 1474 946; x_wconf 89' lang='lat' dir='ltr'><strong>cum</strong></span> <span class='ocrx_word' id='word_1_26' title='bbox 1523 872 1795 974; x_wconf 88' lang='lat' dir='ltr'><strong>petalis</strong></span> <span class='ocrx_word' id='word_1_27' title='bbox 1843 874 2318 975; x_wconf 84' lang='lat' dir='ltr'><strong>plerumque</strong></span> 
     </span>
     <span class='ocr_line' id='line_1_6' title="bbox 269 963 2320 1090; baseline -0.002 -22"><span class='ocrx_word' id='word_1_28' title='bbox 269 992 439 1090; x_wconf 75' lang='lat' dir='ltr'><strong>basi</strong></span> <span class='ocrx_word' id='word_1_29' title='bbox 507 963 947 1069; x_wconf 82' lang='lat' dir='ltr'><strong>cohaerent.</strong></span> <span class='ocrx_word' id='word_1_30' title='bbox 1064 986 1147 1062; x_wconf 86' lang='lat' dir='ltr'><strong>si</strong></span> <span class='ocrx_word' id='word_1_31' title='bbox 1211 986 1483 1063; x_wconf 87' lang='lat' dir='ltr'><strong>medio</strong></span> <span class='ocrx_word' id='word_1_32' title='bbox 1547 987 1814 1088; x_wconf 85' lang='lat' dir='ltr'><strong>petalo·</strong></span> <span class='ocrx_word' id='word_1_33' title='bbox 1860 987 2137 1064; x_wconf 83' lang='lat' dir='ltr'><strong>adnata</strong></span> <span class='ocrx_word' id='word_1_34' title='bbox 2189 1014 2320 1065; x_wconf 90' lang='lat' dir='ltr'><strong>oc-</strong></span> 
     </span>
     <span class='ocr_line' id='line_1_7' title="bbox 278 1100 2319 1204; baseline -0 -24"><span class='ocrx_word' id='word_1_35' title='bbox 278 1120 610 1180; x_wconf 87' lang='lat' dir='ltr'><strong>currunt</strong></span> <span class='ocrx_word' id='word_1_36' title='bbox 672 1104 1036 1188; x_wconf 87' lang='lat' dir='ltr'><strong>stamina,</strong></span> <span class='ocrx_word' id='word_1_37' title='bbox 1116 1126 1395 1174; x_wconf 87' lang='lat' dir='ltr'><strong>eorum</strong></span> <span class='ocrx_word' id='word_1_38' title='bbox 1471 1100 1867 1176; x_wconf 84' lang='lat' dir='ltr'><strong>filamenta</strong></span> <span class='ocrx_word' id='word_1_39' title='bbox 1951 1114 2319 1204; x_wconf 80' lang='lat' dir='ltr'><strong>persaepe</strong></span> 
     </span>
     <span class='ocr_line' id='line_1_8' title="bbox 274 1214 2319 1318; baseline -0.001 -26"><span class='ocrx_word' id='word_1_40' title='bbox 274 1220 362 1292; x_wconf 89' lang='lat' dir='ltr'><strong>in</strong></span> <span class='ocrx_word' id='word_1_41' title='bbox 408 1220 592 1318; x_wconf 75' lang='lat' dir='ltr'><strong>vipsa</strong></span> <span class='ocrx_word' id='word_1_42' title='bbox 660 1218 954 1292; x_wconf 88' lang='lat' dir='ltr'><strong>corolla</strong></span> <span class='ocrx_word' id='word_1_43' title='bbox 1004 1240 1260 1314; x_wconf 89' lang='lat' dir='ltr'><strong>usque</strong></span> <span class='ocrx_word' id='word_1_44' title='bbox 1315 1214 1411 1286; x_wconf 89' lang='lat' dir='ltr'><strong>ad</strong></span> <span class='ocrx_word' id='word_1_45' title='bbox 1461 1218 2041 1314; x_wconf 78' lang='lat' dir='ltr'><strong>receptaculum</strong></span> <span class='ocrx_word' id='word_1_46' title='bbox 2095 1218 2319 1318; x_wconf 89' lang='lat' dir='ltr'><strong>sequi</strong></span> 
     </span>
     <span class='ocr_line' id='line_1_9' title="bbox 276 1330 2321 1430; baseline 0.001 -26"><span class='ocrx_word' id='word_1_47' title='bbox 276 1332 486 1416; x_wconf 88' lang='lat' dir='ltr'><strong>licet,</strong></span> <span class='ocrx_word' id='word_1_48' title='bbox 552 1346 644 1404; x_wconf 88' lang='lat' dir='ltr'><strong>ut</strong></span> <span class='ocrx_word' id='word_1_49' title='bbox 704 1332 788 1404; x_wconf 92' lang='lat' dir='ltr'><strong>in</strong></span> <span class='ocrx_word' id='word_1_50' title='bbox 858 1330 1252 1430; x_wconf 86' lang='lat' dir='ltr'><strong>plerisque</strong></span> <span class='ocrx_word' id='word_1_51' title='bbox 1304 1330 1867 1426; x_wconf 83' lang='lat' dir='ltr'><strong>monopetalis3</strong></span> <span class='ocrx_word' id='word_1_52' title='bbox 1917 1332 2167 1406; x_wconf 88' lang='lat' dir='ltr'><strong>rarius</strong></span> <span class='ocrx_word' id='word_1_53' title='bbox 2217 1334 2321 1406; x_wconf 86' lang='lat' dir='ltr'><strong>ita</strong></span> 
     </span>
     <span class='ocr_line' id='line_1_10' title="bbox 286 1444 2323 1544; baseline 0 -26"><span class='ocrx_word' id='word_1_54' title='bbox 286 1446 566 1522; x_wconf 83' lang='lat' dir='ltr'><strong>adnata</strong></span> <span class='ocrx_word' id='word_1_55' title='bbox 628 1460 718 1520; x_wconf 89' lang='lat' dir='ltr'><strong>ut</strong></span> <span class='ocrx_word' id='word_1_56' title='bbox 778 1444 1373 1518; x_wconf 86' lang='lat' dir='ltr'><strong>filamentorum</strong></span> <span class='ocrx_word' id='word_1_57' title='bbox 1437 1444 1749 1538; x_wconf 81' lang='lat' dir='ltr'><strong>vestigia</strong></span> <span class='ocrx_word' id='word_1_58' title='bbox 1827 1468 1987 1518; x_wconf 89' lang='lat' dir='ltr'><strong>non</strong></span> <span class='ocrx_word' id='word_1_59' title='bbox 2055 1470 2323 1544; x_wconf 89' lang='lat' dir='ltr'><strong>super-</strong></span> 
     </span>
     <span class='ocr_line' id='line_1_11' title="bbox 288 1558 2327 1638; baseline -0.002 0"><span class='ocrx_word' id='word_1_60' title='bbox 288 1568 460 1638; x_wconf 84' lang='lat' dir='ltr'><strong>sint.</strong></span> <span class='ocrx_word' id='word_1_61' title='bbox 558 1558 954 1634; x_wconf 87' lang='lat' dir='ltr'><strong>Deficiunt</strong></span> <span class='ocrx_word' id='word_1_62' title='bbox 1002 1558 1399 1630; x_wconf 85' lang='lat' dir='ltr'><strong>filamenta</strong></span> <span class='ocrx_word' id='word_1_63' title='bbox 1451 1558 1535 1628; x_wconf 88' lang='lat' dir='ltr'><strong>in</strong></span> <span class='ocrx_word' id='word_1_64' title='bbox 1585 1558 1677 1630; x_wconf 89' lang='lat' dir='ltr'><strong>iis</strong></span> <span class='ocrx_word' id='word_1_65' title='bbox 1713 1560 2197 1634; x_wconf 83' lang='lat' dir='ltr'><strong>Amentaceis</strong></span> <span class='ocrx_word' id='word_1_66' title='bbox 2251 1574 2327 1634; x_wconf 91' lang='lat' dir='ltr'><strong>et</strong></span> 
     </span>
     <span class='ocr_line' id='line_1_12' title="bbox 230 1672 2325 1770; baseline -0.004 -16"><span class='ocrx_word' id='word_1_67' title='bbox 230 1690 242 1702; x_wconf 87' lang='lat'>‘</span> <span class='ocrx_word' id='word_1_68' title='bbox 290 1674 706 1760; x_wconf 78' lang='lat' dir='ltr'><strong>ConiseriS,</strong></span> <span class='ocrx_word' id='word_1_69' title='bbox 766 1676 904 1748; x_wconf 86' lang='lat' dir='ltr'><strong>ubi</strong></span> <span class='ocrx_word' id='word_1_70' title='bbox 974 1674 1337 1746; x_wconf 77' lang='lat' dir='ltr'><strong>antherae</strong></span> <span class='ocrx_word' id='word_1_71' title='bbox 1405 1672 1753 1770; x_wconf 81' lang='lat' dir='ltr'>squamis</span> <span class='ocrx_word' id='word_1_72' title='bbox 1815 1672 2145 1746; x_wconf 82' lang='lat' dir='ltr'><strong>insertae</strong></span> <span class='ocrx_word' id='word_1_73' title='bbox 2205 1698 2325 1746; x_wconf 88' lang='lat' dir='ltr'><strong>re·-</strong></span> 
     </span>
     <span class='ocr_line' id='line_1_13' title="bbox 284 1786 2325 1894; baseline -0.003 -28"><span class='ocrx_word' id='word_1_74' title='bbox 284 1793 734 1894; x_wconf 90' lang='lat' dir='ltr'><strong>periuntur‚</strong></span> <span class='ocrx_word' id='word_1_75' title='bbox 852 1788 1036 1860; x_wconf 87' lang='lat' dir='ltr'><strong>dein</strong></span> <span class='ocrx_word' id='word_1_76' title='bbox 1156 1810 1481 1886; x_wconf 86' lang='lat' dir='ltr'><strong>quoque</strong></span> <span class='ocrx_word' id='word_1_77' title='bbox 1595 1786 1677 1858; x_wconf 86' lang='lat' dir='ltr'><strong>in</strong></span> <span class='ocrx_word' id='word_1_78' title='bbox 1787 1786 2325 1860; x_wconf 86' lang='lat' dir='ltr'><strong>Aristolochiis</strong></span> 
     </span>
     <span class='ocr_line' id='line_1_14' title="bbox 284 1908 632 2004; baseline -0.017 -22"><span class='ocrx_word' id='word_1_79' title='bbox 284 1908 632 2004; x_wconf 88' lang='lat' dir='ltr'><strong>aliisque.</strong></span> 
     </span>
    </p>

    <p class='ocr_par' dir='ltr' id='par_1_4' title="bbox 236 2012 2341 3721">
     <span class='ocr_line' id='line_1_15' title="bbox 482 2012 2327 2118; baseline -0.004 -24"><span class='ocrx_word' id='word_1_80' title='bbox 482 2024 840 2118; x_wconf 86' lang='lat' dir='ltr'><strong>Superne</strong></span> <span class='ocrx_word' id='word_1_81' title='bbox 906 2016 1300 2091; x_wconf 85' lang='lat' dir='ltr'><strong>filamenta</strong></span> <span class='ocrx_word' id='word_1_82' title='bbox 1373 2028 1757 2090; x_wconf 83' lang='lat' dir='ltr'><strong>attenuata</strong></span> <span class='ocrx_word' id='word_1_83' title='bbox 1833 2030 2015 2088; x_wconf 90' lang='lat' dir='ltr'><strong>sunt</strong></span> <span class='ocrx_word' id='word_1_84' title='bbox 2091 2012 2327 2088; x_wconf 88' lang='lat' dir='ltr'><strong>simul</strong></span> 
     </span>
     <span class='ocr_line' id='line_1_16' title="bbox 286 2128 2331 2226; baseline -0.005 -16"><span class='ocrx_word' id='word_1_85' title='bbox 286 2160 452 2210; x_wconf 91' lang='lat' dir='ltr'><strong>non</strong></span> <span class='ocrx_word' id='word_1_86' title='bbox 518 2160 700 2208; x_wconf 86' lang='lat' dir='ltr'><strong>raro</strong></span> <span class='ocrx_word' id='word_1_87' title='bbox 764 2132 1034 2206; x_wconf 88' lang='lat' dir='ltr'><strong>medio</strong></span> <span class='ocrx_word' id='word_1_88' title='bbox 1108 2132 1509 2216; x_wconf 74' lang='lat' dir='ltr'><strong>crassiora,</strong></span> <span class='ocrx_word' id='word_1_89' title='bbox 1579 2144 1711 2204; x_wconf 88' lang='lat' dir='ltr'><strong>aut</strong></span> <span class='ocrx_word' id='word_1_90' title='bbox 1761 2128 2073 2216; x_wconf 88' lang='lat' dir='ltr'><strong>clavata,</strong></span> <span class='ocrx_word' id='word_1_91' title='bbox 2127 2128 2331 2226; x_wconf 84' lang='lat' dir='ltr'><strong>capi-</strong></span> 
     </span>
     <span class='ocr_line' id='line_1_17' title="bbox 286 2244 2335 2344; baseline -0.005 -19"><span class='ocrx_word' id='word_1_92' title='bbox 286 2266 470 2336; x_wconf 87' lang='lat' dir='ltr'><strong>tata,</strong></span> <span class='ocrx_word' id='word_1_93' title='bbox 558 2248 902 2331; x_wconf 83' lang='lat' dir='ltr'><strong>dilatata,</strong></span> <span class='ocrx_word' id='word_1_94' title='bbox 984 2260 1433 2320; x_wconf 81' lang='lat' dir='ltr'><strong>transversa.</strong></span> <span class='ocrx_word' id='word_1_95' title='bbox 1565 2250 1749 2318; x_wconf 84' lang='lat' dir='ltr'><strong>Pars</strong></span> <span class='ocrx_word' id='word_1_96' title='bbox 1835 2270 2035 2344; x_wconf 88' lang='lat' dir='ltr'><strong>quae</strong></span> <span class='ocrx_word' id='word_1_97' title='bbox 2123 2244 2335 2316; x_wconf 90' lang='lat' dir='ltr'><strong>inter</strong></span> 
     </span>
     <span class='ocr_line' id='line_1_18' title="bbox 290 2358 2333 2444; baseline -0.005 -5"><span class='ocrx_word' id='word_1_98' title='bbox 290 2364 656 2440; x_wconf 84' lang='lat' dir='ltr'><strong>antherae</strong></span> <span class='ocrx_word' id='word_1_99' title='bbox 706 2362 1012 2436; x_wconf 87' lang='lat' dir='ltr'><strong>loculos</strong></span> <span class='ocrx_word' id='word_1_100' title='bbox 1050 2360 1443 2444; x_wconf 82' lang='lat' dir='ltr'><strong>decurrit,</strong></span> <span class='ocrx_word' id='word_1_101' title='bbox 1511 2358 2145 2432; x_wconf 86' lang='lat' dir='ltr'><strong>connecticulum</strong></span> <span class='ocrx_word' id='word_1_102' title='bbox 2193 2382 2333 2430; x_wconf 78' lang='lat' dir='ltr'><strong>vo-</strong></span> 
     </span>
     <span class='ocr_line' id='line_1_19' title="bbox 294 2472 2329 2572; baseline -0.003 -20"><span class='ocrx_word' id='word_1_103' title='bbox 294 2494 472 2552; x_wconf 86' lang='lat' dir='ltr'><strong>cant</strong></span> <span class='ocrx_word' id='word_1_104' title='bbox 548 2474 1048 2572; x_wconf 83' lang='lat' dir='ltr'><strong>(connectis),</strong></span> <span class='ocrx_word' id='word_1_105' title='bbox 1128 2500 1270 2548; x_wconf 90' lang='lat' dir='ltr'><strong>seu</strong></span> <span class='ocrx_word' id='word_1_106' title='bbox 1321 2474 1765 2548; x_wconf 84' lang='lat' dir='ltr'><strong>antherium</strong></span> <span class='ocrx_word' id='word_1_107' title='bbox 1821 2500 1861 2546; x_wconf 92' lang='lat' dir='ltr'><strong>a</strong></span> <span class='ocrx_word' id='word_1_108' title='bbox 1923 2472 2329 2548; x_wconf 86' lang='lat' dir='ltr'><strong>filamento</strong></span> 
     </span>
     <span class='ocr_line' id='line_1_20' title="bbox 292 2587 2337 2691; baseline -0.003 -26"><span class='ocrx_word' id='word_1_109' title='bbox 292 2617 526 2691; x_wconf 84' lang='lat' dir='ltr'><strong>saepe</strong></span> <span class='ocrx_word' id='word_1_110' title='bbox 608 2591 932 2665; x_wconf 84' lang='lat' dir='ltr'><strong>naturali</strong></span> <span class='ocrx_word' id='word_1_111' title='bbox 1018 2590 1264 2661; x_wconf 85' lang='lat' dir='ltr'><strong>limite</strong></span> <span class='ocrx_word' id='word_1_112' title='bbox 1347 2613 1513 2661; x_wconf 87' lang='lat' dir='ltr'><strong>non</strong></span> <span class='ocrx_word' id='word_1_113' title='bbox 1601 2587 2077 2661; x_wconf 87' lang='lat' dir='ltr'><strong>distinctum.</strong></span> <span class='ocrx_word' id='word_1_114' title='bbox 2199 2591 2337 2660; x_wconf 89' lang='lat' dir='ltr'><strong>Est</strong></span> 
     </span>
     <span class='ocr_line' id='line_1_21' title="bbox 292 2699 2333 2799; baseline -0.003 -22"><span class='ocrx_word' id='word_1_115' title='bbox 292 2709 482 2781; x_wconf 73' lang='lat' dir='ltr'><strong>ve&#39;ro</strong></span> <span class='ocrx_word' id='word_1_116' title='bbox 564 2703 1016 2777; x_wconf 89' lang='lat' dir='ltr'><strong>distinctum</strong></span> <span class='ocrx_word' id='word_1_117' title='bbox 1094 2717 1168 2777; x_wconf 89' lang='lat' dir='ltr'><strong>et</strong></span> <span class='ocrx_word' id='word_1_118' title='bbox 1242 2703 1569 2775; x_wconf 83' lang='lat' dir='ltr'><strong>crassius</strong></span> <span class='ocrx_word' id='word_1_119' title='bbox 1655 2702 1869 2799; x_wconf 79' lang='lat' dir='ltr'><strong>apice</strong></span> <span class='ocrx_word' id='word_1_120' title='bbox 1951 2699 2333 2773; x_wconf 85' lang='lat' dir='ltr'><strong>filamenti</strong></span> 
     </span>
     <span class='ocr_line' id='line_1_22' title="bbox 298 2816 2335 2921; baseline -0.005 -23"><span class='ocrx_word' id='word_1_121' title='bbox 298 2817 790 2921; x_wconf 85' lang='lat' dir='ltr'><strong>(Cruciferae</strong></span> <span class='ocrx_word' id='word_1_122' title='bbox 810 2817 860 2913; x_wconf 89' lang='lat'>)</span> <span class='ocrx_word' id='word_1_123' title='bbox 916 2833 1048 2891; x_wconf 89' lang='lat' dir='ltr'><strong>aut</strong></span> <span class='ocrx_word' id='word_1_124' title='bbox 1088 2817 1282 2889; x_wconf 89' lang='lat' dir='ltr'><strong>alius</strong></span> <span class='ocrx_word' id='word_1_125' title='bbox 1323 2816 1717 2917; x_wconf 84' lang='lat' dir='ltr'><strong>compagis</strong></span> <span class='ocrx_word' id='word_1_126' title='bbox 1755 2839 1895 2887; x_wconf 85' lang='lat' dir='ltr'><strong>seu</strong></span> <span class='ocrx_word' id='word_1_127' title='bbox 1933 2827 2335 2887; x_wconf 80' lang='lat' dir='ltr'><strong>contextus</strong></span> 
     </span>
     <span class='ocr_line' id='line_1_23' title="bbox 302 2927 2335 3034; baseline -0.005 -23"><span class='ocrx_word' id='word_1_128' title='bbox 302 2931 766 3034; x_wconf 88' lang='lat' dir='ltr'><strong>(Berberis).</strong></span> <span class='ocrx_word' id='word_1_129' title='bbox 892 2933 1174 3007; x_wconf 83' lang='lat' dir='ltr'><strong>Rarius</strong></span> <span class='ocrx_word' id='word_1_130' title='bbox 1252 2955 1589 3031; x_wconf 86' lang='lat' dir='ltr'><strong>superne</strong></span> <span class='ocrx_word' id='word_1_131' title='bbox 1659 2931 1891 3003; x_wconf 88' lang='lat' dir='ltr'><strong>dente</strong></span> <span class='ocrx_word' id='word_1_132' title='bbox 1963 2927 2335 3001; x_wconf 88' lang='lat' dir='ltr'><strong>instructa</strong></span> 
     </span>
     <span class='ocr_line' id='line_1_24' title="bbox 236 3041 2339 3149; baseline -0.006 -24"><span class='ocrx_word' id='word_1_133' title='bbox 236 3066 242 3072; x_wconf 85' lang='lat'><em>&#39;</em></span> <span class='ocrx_word' id='word_1_134' title='bbox 302 3049 894 3149; x_wconf 86' lang='lat' dir='ltr'><strong>conspiciuntur</strong></span> <span class='ocrx_word' id='word_1_135' title='bbox 944 3061 1076 3121; x_wconf 87' lang='lat' dir='ltr'><strong>aut</strong></span> <span class='ocrx_word' id='word_1_136' title='bbox 1122 3045 1369 3119; x_wconf 86' lang='lat' dir='ltr'><strong>bifida</strong></span> <span class='ocrx_word' id='word_1_137' title='bbox 1425 3059 1499 3119; x_wconf 89' lang='lat' dir='ltr'><strong>et</strong></span> <span class='ocrx_word' id='word_1_138' title='bbox 1549 3045 1873 3145; x_wconf 86' lang='lat' dir='ltr'><strong>quidem</strong></span> <span class='ocrx_word' id='word_1_139' title='bbox 1943 3041 2339 3117; x_wconf 85' lang='lat' dir='ltr'><strong>connecti-</strong></span> 
     </span>
     <span class='ocr_line' id='line_1_25' title="bbox 270 3155 2339 3255; baseline -0.005 -16"><span class='ocrx_word' id='word_1_140' title='bbox 270 3165 484 3239; x_wconf 88' lang='lat' dir='ltr'><strong>culo</strong></span> <span class='ocrx_word' id='word_1_141' title='bbox 550 3161 838 3247; x_wconf 82' lang='lat' dir='ltr'><strong>bifido,</strong></span> <span class='ocrx_word' id='word_1_142' title='bbox 902 3175 992 3235; x_wconf 88' lang='lat' dir='ltr'><strong>ut</strong></span> <span class='ocrx_word' id='word_1_143' title='bbox 1052 3163 1134 3235; x_wconf 92' lang='lat' dir='ltr'><strong>in</strong></span> <span class='ocrx_word' id='word_1_144' title='bbox 1192 3161 1459 3235; x_wconf 78' lang='lat' dir='ltr'><strong>Salvia.</strong></span> <span class='ocrx_word' id='word_1_145' title='bbox 1577 3163 1777 3233; x_wconf 89' lang='lat' dir='ltr'><strong>Sunt</strong></span> <span class='ocrx_word' id='word_1_146' title='bbox 1829 3179 2153 3255; x_wconf 88' lang='lat' dir='ltr'><strong>quoque</strong></span> <span class='ocrx_word' id='word_1_147' title='bbox 2203 3155 2339 3229; x_wconf 90' lang='lat' dir='ltr'><strong>tri-</strong></span> 
     </span>
     <span class='ocr_line' id='line_1_26' title="bbox 302 3271 2339 3376; baseline -0.006 -20"><span class='ocrx_word' id='word_1_148' title='bbox 302 3279 464 3355; x_wconf 83' lang='lat' dir='ltr'><strong>fida</strong></span> <span class='ocrx_word' id='word_1_149' title='bbox 516 3275 906 3376; x_wconf 79' lang='lat' dir='ltr'><strong>(Allium)</strong></span> <span class='ocrx_word' id='word_1_150' title='bbox 962 3291 1092 3349; x_wconf 87' lang='lat' dir='ltr'><strong>aut</strong></span> <span class='ocrx_word' id='word_1_151' title='bbox 1142 3275 1653 3373; x_wconf 88' lang='lat' dir='ltr'><strong>multipartita</strong></span> <span class='ocrx_word' id='word_1_152' title='bbox 1707 3271 2147 3365; x_wconf 83' lang='lat' dir='ltr'><strong>(Ricinus).</strong></span> <span class='ocrx_word' id='word_1_153' title='bbox 2247 3273 2339 3345; x_wconf 87' lang='lat' dir='ltr'><strong>In</strong></span> 
     </span>
     <span class='ocr_line' id='line_1_27' title="bbox 302 3385 2340 3493; baseline -0.006 -24"><span class='ocrx_word' id='word_1_154' title='bbox 302 3397 454 3493; x_wconf 85' lang='lat' dir='ltr'><strong>illis</strong></span> <span class='ocrx_word' id='word_1_155' title='bbox 536 3389 978 3493; x_wconf 83' lang='lat' dir='ltr'><strong>petaloidea</strong></span> <span class='ocrx_word' id='word_1_156' title='bbox 1064 3405 1176 3463; x_wconf 90' lang='lat' dir='ltr'><strong>est</strong></span> <span class='ocrx_word' id='word_1_157' title='bbox 1250 3403 1667 3471; x_wconf 84' lang='lat' dir='ltr'><strong>structura,</strong></span> <span class='ocrx_word' id='word_1_158' title='bbox 1751 3387 1833 3459; x_wconf 90' lang='lat' dir='ltr'><strong>in</strong></span> <span class='ocrx_word' id='word_1_159' title='bbox 1919 3385 2041 3459; x_wconf 82' lang='lat' dir='ltr'><strong>his</strong></span> <span class='ocrx_word' id='word_1_160' title='bbox 2119 3385 2340 3485; x_wconf 88' lang='lat' dir='ltr'><strong>quasi</strong></span> 
     </span>
     <span class='ocr_line' id='line_1_28' title="bbox 306 3499 2341 3601; baseline -0.008 -16"><span class='ocrx_word' id='word_1_161' title='bbox 306 3525 614 3585; x_wconf 86' lang='lat' dir='ltr'><strong>amenta</strong></span> <span class='ocrx_word' id='word_1_162' title='bbox 686 3505 1142 3581; x_wconf 78' lang='lat' dir='ltr'><strong>formatura.</strong></span> <span class='ocrx_word' id='word_1_163' title='bbox 1280 3501 1707 3597; x_wconf 83' lang='lat' dir='ltr'><strong>Singularis</strong></span> <span class='ocrx_word' id='word_1_164' title='bbox 1791 3499 2179 3601; x_wconf 78' lang='lat' dir='ltr'><strong>appendix</strong></span> <span class='ocrx_word' id='word_1_165' title='bbox 2258 3499 2341 3571; x_wconf 90' lang='lat' dir='ltr'><strong>in</strong></span> 
     </span>
     <span class='ocr_line' id='line_1_29' title="bbox 300 3621 1028 3721; baseline -0.012 -21"><span class='ocrx_word' id='word_1_166' title='bbox 300 3625 546 3719; x_wconf 84' lang='lat' dir='ltr'><strong>Alyssi</strong></span> <span class='ocrx_word' id='word_1_167' title='bbox 602 3621 1028 3721; x_wconf 83' lang='lat' dir='ltr'><strong>speciebus.</strong></span> 
     </span>
    </p>

    <p class='ocr_par' dir='ltr' id='par_1_5' title="bbox 300 3725 2347 3941">
     <span class='ocr_line' id='line_1_30' title="bbox 496 3725 2345 3829; baseline -0.01 -17"><span class='ocrx_word' id='word_1_168' title='bbox 496 3737 712 3813; x_wconf 82' lang='lat' dir='ltr'><strong>Alata</strong></span> <span class='ocrx_word' id='word_1_169' title='bbox 780 3733 1180 3807; x_wconf 86' lang='lat' dir='ltr'><strong>interdum</strong></span> <span class='ocrx_word' id='word_1_170' title='bbox 1262 3729 1887 3829; x_wconf 87' lang='lat' dir='ltr'><strong>conspiciuntur,</strong></span> <span class='ocrx_word' id='word_1_171' title='bbox 1969 3725 2345 3827; x_wconf 83' lang='lat' dir='ltr'><strong>processi.-</strong></span> 
     </span>
     <span class='ocr_line' id='line_1_31' title="bbox 300 3837 2347 3941; baseline -0.01 -13"><span class='ocrx_word' id='word_1_172' title='bbox 300 3853 452 3927; x_wconf 89' lang='lat' dir='ltr'><strong>hus</strong></span> <span class='ocrx_word' id='word_1_173' title='bbox 550 3848 1062 3925; x_wconf 88' lang='lat' dir='ltr'><strong>filiformibus</strong></span> <span class='ocrx_word' id='word_1_174' title='bbox 1158 3847 1563 3929; x_wconf 88' lang='lat' dir='ltr'><strong>instructa,</strong></span> <span class='ocrx_word' id='word_1_175' title='bbox 1665 3843 2011 3941; x_wconf 86' lang='lat' dir='ltr'><strong>aliisque</strong></span> <span class='ocrx_word' id='word_1_176' title='bbox 2081 3837 2347 3913; x_wconf 86' lang='lat' dir='ltr'><strong>modis</strong></span> 
     </span>
    </p>
   </div>
   <div class='ocr_carea' id='block_1_3' title="bbox 304 3951 2343 4143">
    <p class='ocr_par' dir='ltr' id='par_1_6' title="bbox 304 3951 2343 4143">
     <span class='ocr_line' id='line_1_32' title="bbox 304 3951 2343 4061; baseline -0.008 -18"><span class='ocrx_word' id='word_1_177' title='bbox 304 3981 564 4055; x_wconf 79' lang='lat' dir='ltr'><strong>aucta,</strong></span> <span class='ocrx_word' id='word_1_178' title='bbox 630 3987 796 4052; x_wconf 86' lang='lat' dir='ltr'><strong>non</strong></span> <span class='ocrx_word' id='word_1_179' title='bbox 860 3989 1038 4039; x_wconf 88' lang='lat' dir='ltr'><strong>raro</strong></span> <span class='ocrx_word' id='word_1_180' title='bbox 1105 3957 1577 4061; x_wconf 87' lang='lat' dir='ltr'><strong>petaloidea;</strong></span> <span class='ocrx_word' id='word_1_181' title='bbox 1641 3957 2035 4039; x_wconf 87' lang='lat' dir='ltr'><strong>calcarata‚</strong></span> <span class='ocrx_word' id='word_1_182' title='bbox 2089 3951 2343 4027; x_wconf 82' lang='lat' dir='ltr'><strong>fundo</strong></span> 
     </span>
     <span class='ocr_line' id='line_1_33' title="bbox 1663 4075 1755 4143; baseline -0.008 0"><span class='ocrx_word' id='word_1_183' title='bbox 1663 4075 1755 4143; x_wconf 83' lang='lat'><strong>19</strong></span> 
     </span>
    </p>
   </div>
  </div>
 </body>
</html>
