2843 4800
1036 271 1615 411 ramerus
2203 339 2355 414 353

296 532 548 611 ledon
586 537 671 606 Ia·
740 528 1201 604 Tittmann'o
1268 545 1624 618 vocatur,
1663 525 1674 555 ²
1708 533 1943 610 altera
2008 533 2252 609 libera
2306 559 2350 610 e

288 646 603 723 semine
669 641 1073 746 prodiens.
1114 641 1462 720 radicula
1511 645 1854 745 (radix).
1901 709 1904 714 .
1951 648 2076 724 Ad
2124 648 2350 723 basin

288 759 795 860 cotyledonis
858 758 970 834 sic
1038 756 1288 832 dictae
1337 759 1421 832 in
1465 759 1754 834 *vertice
1803 761 2086 836 radicis
2136 763 2382 858 gem‘·‘

286 876 518 956 -mula
568 873 823 974 posita
852 885 1136 947 est-et<
1162 871 1495 959 inclusa,
1549 896 1593 947 e
1645 871 1965 950 duobus
1998 879 2349 971 tegmen-

298 991 425 1066 tis1
483 985 863 1088 oppositis
928 984 1488 1085 inaequalibus
1535 988 1910 1063 carnosis
1986 1000 2352 1063 constans

297 1100 891 1179 includentibus
950 1098 1414 1198 'plumulam
1499 1099 1932 1198 oblongam
2011 1100 2348 1177 viridem

290 1241 469 1292 suno
525 1213 758 1288 dente
794 1225 1191 1286 notatam.
1289 1211 1790 1290 Pluinma-in
1841 1228 2148 1316 partem
2196 1214 2348 1288 filia-

288 1331 647 1406 ·formem
699 1325 1209 1424 (surculum)
1259 1325 1699 1425 elongatur,
1760 1328 1846 1402 in
1912 1328 2135 1426 cujus
2180 1353 2349 1406 me·-

304 1444 441 1519 dio
508 1440 701 1515 dens
764 1439 1440 1540 iste'conspicitur
1484 1442 1580 1515 in'»
1619 1443 2121 1542 squamulam
2167 1469 2350 1519 mus-
2483 1481 2488 1486 ·

298 1572 539 1638 tatus;
618 1555 702 1628 in
775 1554 941 1628 basi
1015 1561 1405 1650 tegmenta
1479 1558 1889 1631 remanere
1959 1556 2346 1632 videntur.

300 1677 649 1770 'Squama
722 1667 807 1740 in
879 1666 1169 1742 solium
1245 1667 1436 1755 abit,
1521 1668 1854 1766 e'cujus
1913 1670 2135 1747 axilla
2201 1671 2349 1746 alia

296 1782 491 1859 -folia
571 1780 989 1883 prodeunt.
1080 1785 1297 1856 ‘Pars
1378 1780 1778 1857 filiformis
1850 1807 1909 1858 s.
1982 1785 2348 1860 surculus

296 1897 570 1974 viridis
619 1894 743 1981 fit,
796 1894 1206 1991 elongatur
1256 1908 1330 1970 et
1362 1896 1848 1972 incrassatur.
1945 1901 2195 1975 Verae
2227 1924 2347 1973 ra-

299 2010 604 2087 diculae
674 2036 762 2084 ex
838 2009 1053 2108 apice
1113 2007 1431 2085 radicali
1494 2009 1941 2111 perem-bryi
1999 2036 2169 2086 non
2218 2036 2346 2087 so-

294 2127 469 2201 lum
520 2124 929 2208 oriuntur‚.
957 2120 1095 2196 sed
1148 2147 1476 2224 quoque
1523 2125 1675 2200 sub
1741 2123 1967 2200 nodo
2034 2125 2120 2199 in
2176 2131 2345 2199 sur'-

288 2240 482 2323 culo
548 2240 743 2338 ipso.
840 2235 1169 2311 Eodem
1234 2235 1395 2313 fere
1445 2238 1700 2314 modo
1749 2239 1844 2313 in-
1885 2239 2346 2339 Nymphaea

297 2355 505 2431 lutea
557 2351 1020 2450 germinatio
1085 2353 2078 2451 p.eragitur.²··0bservavit
2152 2353 2346 2429 Titt»

297 2456 641 2543 mannus
734 2466 1059 2540 semina.
1129 2468 1660 2565 Nymphaeae·
1730 2469 1947 2544 albae
2030 2468 2345 2543 arillum

300 2580 823 2682 spongiosum
886 2580 1207 2666 habere,
1242 2641 1253 2651 .
1294 2580 1586 2679 quibus
1661 2592 1925 2681 aquae.
1969 2581 2344 2667 innatent,

300 2712 380 2773 et
429 2721 592 2797 quo
646 2708 1020 2793 corrupto
1073 2692 1419 2768 fundum
1468 2696 1753 2793 petant.

490 2813 611 2885 De
653 2807 1224 2905 germinatione
1262 2804 1848 2882 Nelumbiicfr.
1890 2806 2221 2882 Poiteau
2269 2819 2347 2881 et

295 2923 579 3001 Mirbel
631 2921 952 3020 (Annal.
1007 2920 1079 2995 d.
1129 2927 1328 2997 Mus.
1382 2925 1471 2995 T.
1525 2925 1636 2994 13.
1686 2947 1758 3020 p.
1807 2924 1972 2994 381.
2026 2920 2342 3012 et⁸465.)

293 3062 451 3133 nec„
488 3061 660 3110 non
708 3035 1052 3112 Richard
1108 3037 1293 3133 (An.
1363 3032 1450 3107 d.-
1485 3031 1580 3108 fr.
1626 3061 1698 3133 p.
1748 3037 1864 3108 65.
1882 3033 1970 3129 ).-
2052 3036 2343 3108 Semen

196 3188 203 3193 ,
294 3151 699 3224 inversum
749 3150 1101 3256 continet
1144 3148 1502 3224 vitellum
1548 3147 1665 3247 uti
1713 3163 1940 3223 vocat
1974 3150 2344 3223 Gaertne-

297 3286 471 3350 rm,
523 3285 708 3336 cum
757 3262 1014 3363 stipite
1062 3263 1469 3364 plumulae
1503 3268 1956 3338 {connatum
2002 3265 2344 3361 superne

297 3374 782 3478 (secundum
829 3377 1338 3470 umbilicum)
1388 3378 1878 3477 bipartitum.
1973 3373 2343 3451 Plumu'la
2471 3448 2485 3458 ,

298 3489 650 3593 diphylla
699 3490 1029 3589 stipitata
1075 3491 1378 3567 inclusa
1427 3493 1669 3566 estin
1719 3490 2018 3566 semine
2050 3488 2343 3565 recenti

297 3604 610 3682 sacculo
672 3605 1279 3701 membranaceo
1350 3628 1390 3678 e
1453 3604 1616 3679 basi
1640 3638 1654 3697 χ
1680 3604 1914 3680 vitelli
1968 3602 2342 3686 oriundo,

297 3745 440 3795 seu
492 3716 963 3816 cotyledone
1009 3716 1454 3793 secundum
1503 3718 2008 3821 Richardum.
2117 3713 2344 3790 Folia

296 3831 704 3933 plumulae
777 3831 1217 3932 inaequalia
1291 3826 1520 3920 sunt,'
1591 3834 1858 3908 minus
1949 3854 2039 3904 ex
2122 3826 2343 3933 axilla

299 3946 784 4042 gemmulam
883 3943 1202 4047 profert.
1352 3935 2036 4022 Germinationem
2140 3940 2340 4019 mihi

300 4059 711 4138 observare
760 4085 929 4138 non
978 4048 1217 4141 licuit.
1529 4122 1536 4127 .
1711 4110 1716 4117 .
1757 4102 1766 4125 ἱ
1819 4116 1824 4125 ³

1645 4175 1745 4248 '23
