2843 4800
559 330 658 405 ⁶6
1366 326 1807 407 FORMA.

565 527 756 612 sint.
831 547 934 607 an
984 520 1355 603 dimotae.
1402 574 1408 581 .
1482 522 1612 601 Sic
1656 519 1851 600 folia
1901 522 2346 600 verticillata
2393 525 2621 602 Lilia-

565 664 887 718 cearum
974 652 1160 715 sunt
1242 637 1447 714 folia
1530 635 1884 725 admota,
1967 660 2153 723 nam
2234 640 2622 739 respicere

563 752 882 857 oportet
943 750 1043 828 ad
1102 750 1297 828 folia
1349 751 1859 837 Graminum,
1908 748 2100 827 folia
2150 777 2340 828 vero
2395 755 2621 828 verti·

565 870 814 946 cillata
860 866 1453 943 Veronicarum
1518 862 1618 939 ad
1667 878 1982 965 typum
2014 865 2381 954 redeunt,
2431 891 2620 942 cum

561 982 1009 1089 pleraeque
1072 978 1313 1078 hujus
1366 978 1746 1093 generis
1781 976 2016 1054 folia
2048 981 2444 1080 opposita
2485 981 2623 1055 ha-

562 1099 820 1175 beant.
910 1108 917 1117 ’
956 1128 959 1131 “
1071 1148 1079 1158 -
1841 1152 1846 1157 .
2122 1148 2128 1156 .
2412 1148 2418 1153 -

708 1208 821 1283 E
869 1206 1216 1308 partium
1268 1204 1735 1281 admotione
1785 1204 2099 1281 coalitio
2154 1206 2345 1282 oriri
2398 1205 2621 1295 solet.

567 1320 794 1457 quod
851 1321 938 1395 in
1007 1318 1262 1417 caly'ce
1313 1332 1390 1394 et
1437 1317 1735 1394 corolla
1784 1318 2183 1408 videmus,
2234 1321 2376 1396 ubi
2424 1320 2619 1398 folia

563 1438 655 1515 in·
676 1433 1065 1512 circulum
1088 1432 1340 1534 posita
1370 1447 1447 1508 et
1470 1457 1700 1533 saepe
1723 1433 1964 1508 simul
1985 1448 2324 1510 connata
2359 1449 2568 1511 sunt.
2611 1486 2614 1491 -

761 1548 1100 1628 Coalitio
1168 1559 1244 1622 et
1308 1547 1693 1648 separatio
1757 1571 1929 1621 non
1986 1548 2257 1624 minus
2304 1548 2646 1625 relative.

568 1662 971 1750 dicuntur,
1024 1662 1266 1762 quam
1319 1660 1659 1737 dimotio
1714 1674 1790 1736 et
1834 1660 2213 1737 admotio.
2311 1665 2624 1768 Duplex

570 1792 706 1856 est.
730 1778 1013 1879 itaque
1048 1775 1331 1849 *locust
1362 1777 1604 1875 partis
1665 1776 2155 1875 separatione
2202 1775 2625 1853 'distinctae

566 1894 687 1969 in
684 1891 989 1967 ordine
1040 1887 1393 1963 naturali.
1497 1888 1624 1963 Sic
1677 1888 2060 1964 corollam
2094 1888 2625 1990 polypetalam

566 2005 808 2084 simul
891 2026 1081 2077 vero
1168 2026 1491 2101 parvam
1567 2015 1643 2076 et
1716 2027 1945 2105 saepe
2021 2003 2466 2079 obsoletam
2541 2004 2623 2077 in

567 2115 1111 2220 quibusdam
1104 2098 1745 2216 ChenopodeiS,
1811 2110 2488 2201 Amaranthaceis
2523 2130 2629 2191 et

567 2228 1249 2330 Gary'ophyllaceis
1285 2226 2012 2325 animadvertimuS,
2038 2228 2435 2317 corollam
2445 2255 2626 2317 mo·-

563 2341 1018 2450 nopetalam
1052 2342 1305 2446 simul
1353 2366 1541 2448 vero
1592 2343 1819 2420 valde
1863 2344 2322 2445 explicatam
2356 2356 2435 2446 et
2469 2343 2622 2421 ele-

564 2473 882 2557 gantem
954 2457 1039 2532 in
1113 2447 1714 2545 Iasminearum,
1787 2459 2405 2546 Rubiacearum,
2479 2463 2622 2534 La·-

562 2574 979 2658 biatarum,
1049 2569 1546 2672 aliarumque
1630 2571 2049 2659 ordinibus
2086 2567 2619 2659 ³naturalibu8,

564 2684 891 2770 tandem
953 2681 1357 2759 corollam.
1396 2684 1927 2787 polypetala‘m
1978 2685 2337 2762 similiter
2375 2686 2622 2789 expli·
2677 2683 2682 2687 ’

566 2803 818 2875 catam
879 2811 958 2873 et
1021 2794 1468 2894 elegantem
1517 2797 1622 2873 in·
1662 2799 2411 2900 Magnoliacearum,
2463 2804 2622 2876 Au·-

562 2913 1029 2997 rantiorum,
1061 2911 1778 3007 Leguminosarum
1814 2927 1972 2988 etc.·
2001 2910 2444 2988 ordinibus·
2503 2916 2620 2988 Ex

425 3027 443 3049 ⁸
564 3023 938 3105 affinibus
991 3021 1499 3146 dijudicatur,
1535 3063 1542 3088 .·
1576 3051 1676 3101 an
1709 3025 2020 3100 corolla
2044 3067 2049 3074 ·
2071 3024 2170 3098 sit
2215 3046 2492 3101 revera
2541 3039 2621 3100 et

560 3139 987 3271 primario
1015 3137 1272 3215 modo
1326 3137 1832 3240 polypetala,
1925 3160 2025 3213 an
2101 3138 2615 3240 monopetala

564 3255 988 3418 segmentis
1037 3252 1427 3352 separatis,

718 3364 1071 3442 Simili
1120 3363 1374 3440 modo
1473 3362 2064 3493 pericarpium
2102 3303 2613 3450 unilocnlare,

565 3493 713 3557 aut
742 3501 1011 3554 revera
1065 3490 1142 3552 et
1186 3476 1569 3578 primario
1619 3476 1880 3556 modo
1923 3478 2459 3555 unilocnlare
2477 3486 2612 3562 est,

560 3590 727 3672 aut?
762 3615 807 3667 e
867 3590 1231 3692 pluribus
1283 3589 1666 3666 coalitum
1706 3592 2176 3694 pericarpiis.
2276 3588 2610 3693 Capsula

563 3703 1033 3785 trilocularis
1100 3717 1234 3779 aut
1282 3728 1325 3779 e
1390 3704 1704 3805 capsula
1752 3706 2087 3783 tricocca
2138 3704 2413 3793 oritur,
2475 3715 2610 3781 aut

558 3847 610 3900 e
645 3818 970 3923 capsula
1019 3815 1518 3894 uniloculari.
2544 3857 2614 3918 ,6.-

648 3933 653 3938 ’
745 3934 1253 4012 characteres
1331 3953 1374 4008 e
1451 3931 1897 4010 dimotione
1969 3937 2051 4009 'et
2122 3921 2607 4014 admotione.

558 4045 1160 4153 essepar-atione
1224 4057 1305 4123 et
1364 4044 1787 4125 coalitione
1833 4046 2196 4126 desumti
2259 4047 2606 4148 plerum
