2843 4800
913 330 1645 413 VEGETA'PI-o.
2159 337 2308 414 403

248 535 461 627 208.
584 537 1423 652 MMsusfomnatzms
1465 565 1523 627 a
1562 528 1980 651 regione
2021 536 2300 659 plana'-

369 689 536 764 tae
622 672 748 763 ad
815 674 1233 764 alteram
1267 679 1632 797 fertur,-
1698 676 2062 817 omnia
2095 686 2297 769 ma-

367 813 638 920 xima
698 813 795 903 vi
861 814 1280 933 explicat
1344 828 1445 931 et
1501 813 1880 929 dirigit.
1932 902 1936 917 ,

440 986 599 1059 Res
658 982 954 1059 haecce
1025 983 1373 1081 multum
1446 983 1686 1061 refert
1742 984 1844 1060 ad
1907 986 2296 1085 culturam

239 1096 699 1197 plantarum
765 1110 842 1171 et
899 1095 1183 1171 haecce
1244 1099 1797 1196 phaenomena
1864 1099 2295 1200 'explicandi

238 1208 681 1286 methodus
729 1208 940 1310 apud
982 1209 1447 1286 hortulanos
1491 1209 1805 1309 jamjam
1844 1212 1938 1286 in·
1963 1236 2119 1287 usu
2163 1226 2295 1300 est,

241 1348 741 1426 quamquam
791 1346 993 1398 cum‘
1024 1323 1262 1399 rebus
1310 1325 1742 1424 peregrinis
1789 1325 2192 1404 misceant.
2245 1426 2250 1429 ι
2291 1426 2294 1431 .

447 1437 528 1511 Si
619 1434 807 1511 folia
898 1436 1225 1517 arboris
1277 1434 1534 1515 modo
1569 1450 1830 1514 --enata
1906 1453 2040 1514 aut
2077 1439 2294 1543 lgelil

238 1564 678 1648 tanguntur
737 1563 870 1625 aut
912 1549 1253 1626 insectis
1287 1550 1852 1638 corroduntur‚·
1891 1576 2096 1628 nova
2143 1554 2291 1629 ho-

240 1690 434 1739 rum
482 1664 663 1738 loco
717 1677 1189 1740 enascuntur
1236 1663 1427 1740 folia
1480 1663 1930 1766 etzquidem
1969 1691 2025 1742 -e
2074 1689 2290 1766 gem-

237 1777 397 1852 mis
472 1777 558 1851 in
632 1775 871 1851 axillis
926 1775 1329 1855 ‘foliorum
1392 1777 2289 1880 destructorum„quod

239 1889 582 1992 quidem
643 1889 728 1966 in
792 1892 1079 1968 nostris
1139 1891 1880 1989 regionibus-haud
1928 1918 2110 1969 raro
2167 1918 2287 1970 ac-

239 2004 455 2079 cidit.
902 2032 907 2039 ·
2193 2074 2198 2079 .

428 2117 663 2196 Rami
724 2117 1204 2219 plantarum,
1281 2119 1419 2223 qui
1486 2117 1857 2196 nondum
1916 2120 2284 2217 floruere,

233 2232 544 2319 resecti,
591 2246 840 2306 terrae
888 2232 1256 2323 immissi,
1322 2248 1478 2310 aut.
1506 2233 1673 2309 aliis
1707 2234 2003 2335 plantis
2051 2234 2283 2341 insiti.

237 2371 473 2449 saepe
538 2345 799 2447 primo
865 2344 1157 2424 florent
1220 2373 1452 2425 anno.
1569 2348 1699 2425 Sic
1772 2372 2102 2450 quoque
2161 2374 2283 2426 ar·-

233 2461 511 2548 bores,
577 2459 867 2561 quibus
935 2475 1196 2537 cortex
1264 2462 1684 2562 degluptus
1748 2477 1887 2549 est,
1950 2463 2281 2539 uberius

234 2573 535 2650 florent
605 2574 1006 2670 (Medicus
1077 2578 1450 2673 Beytriige
1522 2598 1666 2648 zur
1724 2573 2280 2652 Pflanzenana÷

234 2688 506 2763 tomie.
622 2691 715 2762 H.
812 2691 879 2763 4.
972 2715 1047 2789 p.
1136 2691 1301 2763 258.
1318 2687 1373 2783 ).
1536 2685 1870 2760 corticis
1975 2686 2276 2764 annulo

233 2815 567 2889 resect0,
667 2826 910 2903 quem
1008 2800 1395 2877 annulum
1492 2812 1774 2875 vocant
1876 2798 2278 2896 magicum

234 2914 818 3011 (Zauberring),
869 2915 1106 2991 arbor
1150 2914 1559 2991 uberiores
1605 2909 1907 2990 fruetus
1952 2911 2277 3012 profert,

236 3049 537 3124 eosque
592 3043 948 3105 maturos
1012 3029 1215 3126 (Sur
1276 3028 1390 3104 les
1458 3023 1679 3102 effets
1729 3026 1900 3126 qu’a
1946 3025 2279 3126 produit

234 3137 702 3238 l’operation
767 3142 837 3216 d.
899 3141 947 3216 l.
1012 3141 1216 3244 plaie
1279 3137 1684 3217 annulaire
1744 3164 1799 3214 s.
1862 3163 1979 3216 un
2041 3139 2312 3218 Pavia.

235 3254 280 3326 a
344 3249 552 3325 fleur
614 3249 845 3347 jaune
907 3283 980 3356 p.
1048 3254 1377 3332 Thouin
1442 3256 1640 3330 Anu.
1683 3252 1765 3329 ·.d.
1815 3258 2022 3329 Mus.
2066 3257 2155 3327 T.
2204 3256 2272 3327 6.

233 3393 348 3466 p.
392 3362 640 3460 437.‚)
735 3368 959 3467 quod
1052 3370 1220 3498 ipse
1310 3390 1588 3467 saepe
1634 3378 2036 3467 expertus
2061 3373 2272 3464 sum,-

236 3502 726 3579 quamquam
798 3480 1245 3581 saepissime
1317 3480 1601 3576 hyeme
1671 3493 2016 3582 pereant
2069 3480 2275 3557 rami
2389 3517 2398 3525 ·

231 3589 337 3666 ita
388 3591 596 3666 laesi.

428 3704 510 3779 Si
558 3703 861 3804 flagella
908 3706 1466 3804 Fragariarum
1482 3705 1980 3794 auferuntur,
2002 3687 2278 3808 plin-es

232 3817 492 3915 planta
556 3817 709 3895 fert
769 3820 1106 3907 fructum
1165 3820 1233 3896 si
1295 3821 1519 3897 bulbi
1574 3819 2143 3907 destruuntur,
2133 3843 2272 3898 see.

233 3931 449 4007 mina
496 3932 1032 4034 perficiuntur.
1128 3934 1357 4012 Rami
1406 3932 1946 4010 Bulbosorum
1990 3933 2274 4013 reseca

237 4055 311 4117 et
358 4071 601 4147 aquae
649 4047 985 4124 immissi
1034 4046 1336 4125 fructus
1382 4045 1827 4154 proferunt,
1888 4044 2272 4148 esa-..eomas

1515 4163 1613 4236 w
1644 4160 1679 4196 ⁸
