2843 4800
936 308 1676 389 VEGETATIO.
2188 313 2336 395 428

240 511 950 617 proseuchymatis
999 534 1171 585 non
1219 508 1489 586 solum
1536 509 2133 589 irritabilitatem
2165 526 2332 601 ma«
2431 572 2435 577 .

240 631 367 728 gis
424 627 867 728 suscipere,
918 623 1058 701 sed
1113 649 1442 726 quoque
1493 624 1750 722 magis
1793 624 2171 700 contrahi.

459 739 907 841 Sphaeriae‚
958 739 1420 838 praesertim
1469 738 1847 827 militariS,
1881 739 2327 817 Ascobolus

241 856 562 956 aliique
611 853 838 951 fungi
887 853 1151 928 thecas
1204 850 1722 950 ejaculantur,
1786 853 1928 931 sed
1976 852 2185 930 vitali
2236 867 2329 933 ut

238 970 459 1046 mihi
519 968 852 1068 quidem
900 966 1212 1041 videtur
1260 982 1515 1043 motu.

457 1085 669 1159 Cave
735 1106 837 1157 ne
899 1081 1405 1159 mechanicos
1460 1079 1788 1158 effectus
1842 1082 1940 1158 ad
1992 1083 2325 1161 irritabi-

238 1200 561 1274 litatem
644 1194 968 1282 referaS,
1052 1220 1113 1271 e.
1197 1217 1264 1292 g.
1340 1209 1612 1271 motus
1685 1196 1771 1271 in
1852 1198 2326 1281 staminibus·

236 1310 758 1396 Parietariae,
807 1307 1399 1406 Medicaginum
1454 1324 1591 1385 etc.

244 1450 464 1540 216.
594 1449 900 1535 Motus
998 1444 1279 1563 quasi
1371 1464 1909 1563 spontaneos
1993 1462 2318 1539 osten-

382 1586 644 1675 dunt
733 1584 1361 1702 Hedysarum
1440 1615 1827 1703 gyranS‚
1897 1600 1997 1676 et
2060 1584 2317 1680 Con-

375 1726 724 1816 servae
806 1726 1288 1814 minimae
1352 1724 1513 1827 ‚ad
1609 1757 2036 1841 regnum
2114 1729 2316 1839 ani-

371 1866 645 1954 male
708 1848 1368 1956 transeuntes,

445 1999 948 2098 Hedysarum
1023 2026 1305 2101 gyrans
1393 2002 1658 2104 planta
1739 2003 1825 2078 in
1905 2001 2316 2105 paludosis

234 2115 669 2216 Bengaliae
732 2141 1060 2192 nascens
1122 2143 1267 2218 per
1327 2117 1713 2195 Pohlium
1775 2119 2133 2219 primurn
2194 2118 2316 2193 in-

237 2231 522 2308 notuit
597 2230 1115 2328 (Sammlung
1161 2258 1250 2307 .z.
1325 2232 1618 2330 Physik
1679 2258 1755 2309 u.
1805 2231 2314 2329 Naturgesclr.

237 2351 333 2423 T.
411 2351 478 2420 1.
531 2372 604 2446 p.
655 2344 890 2437 502).
990 2346 1211 2421 Folia
1263 2345 1504 2424 habet
1550 2361 1881 2437 ternata,
1931 2346 2312 2425 foliolum

237 2457 668 2536 terminale
750 2458 1007 2534 multo
1093 2458 1349 2556 majus
1432 2486 1602 2536 non
1676 2478 2077 2550 movetur,
2156 2461 2307 2537 nisi

238 2598 545 2651 somno
636 2573 1123 2658 deflectatur;
1212 2573 1554 2648 lateralia
1627 2576 1889 2651 multo
1971 2577 2308 2661 minora,

238 2689 451 2765 dum
517 2687 779 2789 planta
847 2687 1084 2782 viget,
1150 2687 1613 2787 praesertim
1676 2701 2137 2790 tempestate
2188 2711 2309 2762 ca·-

236 2804 405 2881 lida
470 2828 616 2878 nec
666 2799 949 2899 frigida
1013 2800 1100 2874 in
1154 2800 1540 2875 continuo
1593 2814 1828 2876 motu
1876 2813 2093 2887 sunt,
2143 2814 2307 2875 tam

240 2918 393 2994 diu
436 2942 706 3019 ,quam
768 2930 1048 3003 noctu,
1125 2940 1311 2991 cum
1374 2914 1817 2990 terminalia
1870 2913 2306 2989 dormiunt.

243 3032 567 3106 Stimuli
644 3031 936 3108 externi
1014 3030 1128 3106 nil
1204 3026 1579 3104 efficiunt.
1723 3033 1995 3107 Motus
2079 3023 2308 3101 valde

239 3145 712 3238 irregulares
778 3160 994 3231 sunt3
1079 3142 1574 3221 adscendunt
1661 3156 1737 3217 et
1811 3139 2307 3218 descendunt

237 3255 526 3334 foliola
593 3258 818 3332 citius
880 3260 1211 3346 tardirs,
1278 3283 1424 3360 per
1481 3257 1817 3353 longum
1886 3269 2021 3332 aut
2066 3255 2306 3332 breve

237 3386 564 3471 tempus
625 3370 709 3444 in
778 3372 1065 3448 eodem
1140 3389 1345 3450 statu
1393 3385 1880 3473 permanent.
1980 3370 2063 3446 Si
2117 3368 2303 3446 dor-

239 3486 520 3561 miunt
551 3485 1007 3573 terminalia,
1052 3486 1391 3563 lateralia
1428 3510 1774 3588 quoque,
1810 3484 2009 3562 du'm
2044 3484 2310 3586 quies-'

243 3611 466 3685 cunt,
535 3598 1080 3674 deflectuntur.
1195 3602 1463 3676 Cessat
1525 3615 1816 3686 motus,
1859 3625 2044 3676 cum
2096 3624 2301 3699 aqua

245 3710 538 3810 frigida
599 3713 864 3814 planta
927 3714 1326 3814 irrigatur,
1401 3729 1478 3791 at
1537 3714 1965 3817 vaporibus
2031 3711 2300 3789 calidis

242 3827 700 3904 restituitur.

442 3942 807 4021 Similem
892 3956 1211 4019 motum
1290 3943 1378 4017 in
1463 3891 1957 4038 Oscillatoria
2039 3940 2297 4039 Adan-

245 4054 421 4128 soni
489 4081 705 4134 nunc
769 4057 976 4136 dicta
1052 4058 1493 4169 observavit
1567 4056 1943 4135 Adanson
2012 4060 2297 4160 (Mem.
