2843 4800
559 332 709 407 234
1116 272 2047 409 INTEGUMENTA.
2143 424 2147 437 ·

559 527 906 604 lularum
983 529 1295 630 plantae
1364 528 2002 627 magnitudinem
2065 544 2333 607 auctae
2395 545 2605 620 sunt,

557 642 892 743 papillae
939 642 1290 718 minores
1343 642 1804 718 cellularum
1860 645 2161 745 plantae
2211 647 2606 745 magnitu-

560 755 831 831 dinem
881 781 1046 831 non
1097 756 1445 831 multum
1498 756 1969 832 excedentes,

558 937 759 1029 140.
879 941 1068 1027 Pili
1113 949 1345 1027 sunt
1389 940 1780 1029 canales
1826 940 2601 1042 membranacei,

676 1077 1037 1191 integri
1131 1090 1300 1167 aut
1395 1079 1780 1196 sepulti,
1853 1080 2352 1197 simplices
2430 1094 2601 1170 aut

675 1217 1083 1317 ramosi,
1154 1216 1489 1306 forma
1559 1219 2156 1336 plerumque
2237 1219 2597 1308 conica

681 1354 1377 1474 cylindricave‚
1456 1355 2050 1475 epidermidi
2146 1370 2315 1446 aut
2415 1358 2594 1446 im-

673 1482 1140 1600 mediate,
1224 1509 1396 1586 aut
1464 1495 1969 1588 mediante
2035 1496 2348 1586 bulbo
2414 1497 2591 1586 im-

670 1637 993 1756 positi.
2143 1658 2146 1659 *

744 1793 950 1869 Cave
999 1815 1100 1867 ne
1148 1790 1413 1867 radios
1462 1792 1700 1891 pappi
1755 1805 1891 1866 aut
1939 1791 2202 1867 aristas
2253 1815 2438 1866 cum
2471 1788 2589 1890 pi-

547 1906 644 1982 lis
697 1905 1157 1982 confundas.
1268 1906 1369 1981 Hi
1435 1905 1871 1980 consistunt
1937 1929 2025 1980 ex
2085 1929 2252 1980 uno
2306 1903 2590 1991 canale,'

546 2045 803 2097 unave
868 2020 1326 2095 cellularum
1378 2018 1605 2105 serie,
1680 2017 1792 2093 illi
1846 2043 1889 2095 e
1939 2019 2299 2119 pluribus
2351 2017 2586 2093 cellu-

546 2134 641 2209 lis
692 2134 837 2209 sibi
892 2131 1282 2234 appositis.

737 2247 885 2323 Pili
960 2247 1433 2347 plerumque
1507 2246 1777 2347 septati
1850 2247 2382 2347 reperiuntur,
2442 2272 2584 2324 seu

546 2362 780 2464 septis
829 2359 1277 2436 transversis
1329 2358 1690 2448 distincti,
1733 2359 1983 2436 rarius
2018 2362 2315 2463 absque
2349 2356 2582 2464 septis
2628 2425 2640 2436 .

546 2476 893 2553 canalem
974 2476 1371 2572 integrum
1455 2476 1769 2562 sistunt,
1851 2489 1943 2550 ut
2019 2476 2104 2549 in
2185 2476 2582 2551 radicibus

544 2614 888 2690 semper,
951 2587 1027 2664 at
1087 2614 1413 2691 quoque
1473 2590 1556 2664 in
1607 2588 1991 2664 fructibus
2042 2590 2581 2668 Umbellisera-

540 2732 757 2793 rum,
808 2704 1244 2779 seminibus
1293 2703 1690 2805 plerisque
1741 2705 2085 2780 comosis
2137 2719 2213 2780 et
2259 2706 2343 2779 in
2395 2703 2579 2793 aliis,

540 2819 681 2896 ubi
735 2818 835 2893 ad
886 2832 1081 2893 setas
1134 2817 1535 2893 accedunt.

732 2931 890 3009 cfr.
957 2931 1301 3008 Schranlc
1362 2963 1414 3008 ο.
1470 2936 1540 3008 d.
1592 2932 2094 3031 Nebengqfci‘ſs.
2148 2932 2219 3004 d.
2272 2927 2575 3034 Pflanz.

537 3045 717 3125 Hac
773 3049 981 3123 1794.
1035 3044 1252 3122 unde
1300 3046 1620 3123 termini
1672 3044 2030 3119 desumti.

582 3183 587 3187 ·
727 3160 1210 3259 Plerumque
1270 3156 1660 3258 simplices
1726 3153 2182 3245 occurrunt,
2259 3171 2336 3232 et
2400 3158 2575 3258 qui-

539 3276 720 3352 dem
799 3276 999 3359 recti,
1049 3275 1367 3373 falcati,
1454 3271 1819 3357 uncinati,
1905 3272 2234 3372 creis-pati,
2318 3272 2470 3347 rari
2481 3296 2571 3347 us

511 3377 821 3496 furenti
888 3385 1339 3484 (bifurcati)
1417 3398 1494 3459 et
1564 3385 1938 3486 trg‘furcati
2005 3387 2134 3484 (in
2219 3385 2570 3487 Apargiis

538 3500 1099 3605 quibusdam),
1162 3499 1463 3575 hamati
1516 3523 1658 3575 seu
1716 3501 1956 3575 ramis
2021 3500 2257 3601 apicis
2305 3525 2567 3576 recur-

531 3618 648 3693 vis
712 3613 1056 3715 (semina
1119 3615 1501 3709 Myosotis
1566 3615 2029 3715 Lappulae),
2082 3616 2398 3698 ramosi,
2448 3636 2566 3688 ra·-

531 3732 684 3806 mis
734 3725 1239 3830 paucioribus
1291 3728 1800 3803 crassioribus
1866 3728 2179 3829 (petioli
2232 3727 2566 3804 Grossu-

531 3844 846 3939 latiae),
918 3844 1261 3943 pennati,
1345 3844 1584 3917 ramis
1669 3840 1939 3918 multis
2023 3841 2564 3928 tenerioribus,

532 3956 1014 4056 (Hieracium
1076 3954 1505 4054 Pilosella),
1545 3958 1911 4058 plumos-1⁶,
1978 3954 2216 4034 ramis
2273 3955 2563 4038 iterum

528 4070 887 4175 pennatis
935 4069 1415 4166 (Hieracium
1463 4069 1996 4166 undulatum),
2022 4071 2333 4154 dentati,
2383 4071 2560 4145 den-
