2843 4800
574 319 722 393 274
1443 317 1771 396 FLOS.
1813 392 1818 405 ,

769 519 1136 615 Pappum
1188 537 1232 588 e
1280 512 1460 615 pilis
1509 538 1680 590 non
1732 532 2089 593 constare
2137 521 2427 619 probat
2485 523 2633 596 mi-

578 630 1032 731 croscopiea
1108 627 1576 730 disquisitio.
1703 631 1978 725 Quivis
2063 635 2278 708 enim
2362 634 2633 711 radius

490 814 497 819 .
575 744 910 819 minime
986 768 1076 817 ex
1145 767 1316 818 uno
1391 744 1680 820 tubulo
1756 746 2065 842 integ-ro
2136 760 2271 821 aut
2330 764 2631 850 septato

579 871 917 946 constat,
992 855 1131 932 sed
1206 855 1475 957 plures
1549 859 2227 960 prosenchymatis
2309 862 2633 938 cellulae

577 972 730 1047 sibi
783 970 1186 1072 appositae
1236 984 1439 1057 sunt,
1490 986 1584 1047 ut
1628 975 1714 1047 in
1765 974 2022 1049 nervis
2071 972 2472 1051 foliorum
2498 992 2631 1051 ete.

576 1110 756 1162 vase
818 1083 1081 1187 spirali
1144 1098 1410 1158 tamen
1481 1086 1946 1162 oblitterato.
2058 1089 2401 1163 Interior
2445 1116 2632 1192 pap-

576 1226 728 1302 pus
774 1223 1008 1275 verus
1071 1197 1284 1294 calyx
1335 1212 1483 1287 est,
1536 1201 1903 1288 exterior,
1967 1201 2116 1276 nisi
2170 1201 2464 1295 deficit,
2513 1205 2633 1278 in-

578 1313 999 1389 volucrum
1050 1311 1323 1411 (155).

774 1426 1011 1524 Calyx
1088 1451 1270 1501 raro
1360 1440 1864 1504 monstrosus
1961 1428 2070 1504 fit.
2216 1429 2631 1507 Interdum

577 1539 842 1644 phylla
923 1541 1009 1614 in
1090 1538 1282 1616 folia
1357 1542 1684 1629 abeunt,
1760 1567 1821 1617 e.
1896 1567 1961 1641 g.
2030 1545 2116 1618 in
2176 1545 2629 1643 Plantagine

444 1727 451 1739 ,
572 1654 910 1752 majore,
983 1655 1216 1732 Rosis
1294 1670 1430 1731 etc.
1552 1656 1860 1756 Duplex
1935 1672 2052 1733 est
2120 1659 2204 1732 in
2279 1659 2627 1735 Primula

574 1772 777 1847 veris
842 1784 919 1844 et
979 1769 1314 1844 interior
1376 1769 1811 1845 corollinus
1876 1776 2045 1846 non
2111 1784 2290 1848 raro
2357 1773 2627 1861 evadit,

578 1910 784 1986 quae
845 1883 1199 1959 Primula
1263 1883 1709 1980 calycantha
1776 1884 2079 1961 dicitur.
2180 1893 2627 1963 Monstrosa

571 1998 810 2076 facies
906 1998 1259 2094 calycum
1355 1998 1443 2071 in
1535 1999 1883 2075 Diantho
1971 2002 2498 2102 Caryophyllo
2584 2028 2626 2076 a

571 2111 904 2192 bracteis
955 2110 1405 2211 (squamis)
1455 2111 1989 2212 multiplicatis
2041 2116 2314 2190 oritur.

576 2364 780 2455 163.
909 2365 1268 2454 Cor-olla
1365 2373 1516 2451 est
1601 2361 2039 2488 „interior
2129 2365 2624 2483 perigonii

694 2503 1004 2605 orbis,
1083 2503 1600 2592 teneriore
1687 2533 2210 2623 compage,
2277 2508 2619 2598 colore

696 2658 800 2735 et
856 2642 1191 2734 nitore
1259 2673 1316 2734 a
1382 2644 1716 2760 calyce
1787 2642 2268 2734 distincta.

760 2815 886 2889 De
960 2811 1404 2889 differentia
1483 2839 1523 2888 a
1601 2814 1854 2911 calyce
1915 2839 2148 2912 supra
2215 2814 2451 2910 (159)
2507 2814 2621 2894 di-

569 2940 788 3004 ctum
840 2942 971 3002 est.
1075 2932 1321 3028 Saepe
1374 2927 1768 3003 distinctio
1820 2926 2183 3000 facillima
2221 2940 2350 3011 est,
2388 2951 2619 3029 saepe

568 3040 1076 3130 difficillima,
1124 3043 1188 3117 si
1235 3043 1522 3117 unicus
1571 3056 1877 3116 tantum
1929 3038 2144 3113 orbis
2196 3037 2432 3128 adest,
2485 3055 2620 3117 aut

567 3156 633 3231 si
681 3156 950 3256 plures
997 3182 1283 3257 parum
1336 3170 1471 3230 aut
1516 3155 1849 3229 minime
1902 3152 2261 3227 distincti.

762 3269 1150 3343 Tenerior
1231 3289 1649 3366 compages
1722 3281 1885 3346 tam
1953 3293 1995 3343 a
2048 3283 2415 3345 contextu
2466 3269 2614 3344 cel-

559 3380 827 3456 luloso
882 3406 1124 3483 quam
1176 3406 1215 3454 a
1266 3381 1524 3455 nervis
1559 3381 1947 3471 exoritur:v
1996 3383 2364 3459 Absentia
2398 3382 2613 3481 glan-

561 3493 935 3570 dularum
1012 3508 1522 3571 cutanearum
1606 3496 1943 3571 eandem
2014 3495 2335 3584 indicat,
2423 3521 2611 3569 nam

558 3609 644 3685 in
710 3607 906 3683 locis
972 3606 1433 3685 rudioribus
1493 3609 1941 3710 petalorum
2008 3605 2413 3684 interdum
2490 3632 2611 3683 re-

556 3723 993 3827 periuntur.

750 3840 1180 3915 Contextus
1270 3836 1693 3913 cellulosus
1774 3837 2248 3938 plerumque
2328 3861 2609 3937 paren-

555 3949 839 4046 chyma
903 3965 1046 4037 est,
1115 3949 1412 4025 cellulis
1479 3951 1857 4048 elongatis
1919 3953 2001 4024 in
2067 3951 2265 4024 tubo
2333 3964 2409 4024 et
2456 3974 2606 4024 un-

548 4062 868 4159 guibus,
919 4062 1491 4161 subglobosis
1469 4089 1554 4138 m
1604 4062 1855 4139 limbo
1894 4078 1971 4140 et
2008 4063 2317 4141 lamina.
2421 4067 2601 4138 Sae-
