2843 4800
535 311 709 401 106*
1177 296 1936 409 s'rRUcTURA.

530 526 831 602 tubulis
939 526 1160 601 siccis
1273 528 1483 604 varie
1597 531 1996 606 contortis.
2155 531 2575 607 Interdum

531 654 741 741 septa
846 640 1306 729 ostendunt,
1424 640 1565 717 sed
1660 644 1995 719 minime
2092 669 2432 748 semper·
2503 662 2585 721 et

527 755 842 829 rariora
991 755 1196 853 (Gfr.
1295 757 1567 832 Kieser
1644 757 1950 854 Phytot.
2032 786 2105 860 p.
2187 765 2328 836 57.
2384 761 2572 858 58..)

531 870 876 972 Granula
939 871 1247 974 minuta
1305 895 1451 945 nec
1503 896 1703 971 aqua
1754 896 1899 946 nec
1950 873 2309 949 alcohole
2360 875 2575 949 solu-

410 1045 411 1048 .
525 983 711 1058 bilia
779 999 994 1060 extus
1064 999 1140 1060 et
1199 986 1412 1060 intus
1478 986 1827 1086 inspersa
1878 1002 2079 1061 sunt.
2187 989 2574 1064 Lichenes

527 1100 900 1173 crustacei
969 1124 1010 1174 e
1076 1098 1372 1175 cellulis
1438 1099 1766 1174 minutis
1832 1101 2332 1199 subglobosis
2384 1127 2574 1177 con-

522 1213 754 1311 gestis
798 1213 1362 1310 irregularibus
1414 1213 1837 1315 compositi
1888 1230 2089 1290 sunt.
2161 1249 2164 1252 ¹

420 1420 428 1428 ⁸
714 1329 908 1404 Fuci
970 1327 1266 1424 habent
1328 1326 1899 1428 epidermidem
1970 1355 2011 1406 e
2076 1330 2373 1406 cellulis
2420 1331 2574 1420 mi-

506 1443 734 1518 nutis
798 1441 1325 1538 subglobosis·
1368 1456 1843 1532 contextam,
1894 1442 2219 1520 farctam
2266 1444 2572 1526 tubulis

519 1558 728 1633 varie
790 1557 1101 1631 intortis
1163 1556 1628 1653 gelatinosiS.
1732 1555 2186 1646 Confervae,
2251 1559 2320 1633 si
2385 1583 2573 1657 spo-

517 1696 642 1745 ras
693 1672 1205 1746 ab-normium
1252 1669 1699 1772 plantarum
1758 1672 2108 1771 excipias,
2173 1672 2386 1748 solae
2446 1672 2569 1746 in-

515 1799 636 1862 ter
662 1786 962 1886 plantas
987 1785 1491 1860 membranas
1529 1785 1960 1861 ostendunt
1985 1812 2027 1862 e
2064 1785 2361 1862 cellulis
2397 1800 2570 1861 non

408 1977 411 1978 γ
518 1902 1015 2002 compositas,
1129 1903 1295 1974 Hae
1346 1914 1483 1974 aut
1527 1900 1906 1975 tubulum
1955 1901 2352 1999 integrum
2400 1899 2571 1975 for-

513 2031 767 2113 mant,
819 2029 955 2091 aut
985 2013 1219 2113 septis
1251 2015 1702 2089 transversis
1740 2014 2185 2091 discretum.
2259 2018 2597 2092 Ductus.

513 2130 898 2231 spiraliter
947 2127 1351 2203 convoluti
1400 2128 1486 2203 in
1524 2126 1956 2226 Conjugata
1991 2130 2379 2207 Vaucheri
2413 2131 2569 2206 ini-
2625 2179 2628 2182 >

509 2245 616 2320 tia
682 2244 966 2319 sistunt
1026 2267 1400 2318 vasorum
1458 2243 1885 2342 spirali-um.
1989 2244 2336 2328 Granula
2382 2245 2566 2320 ubi-

506 2384 670 2462 que
717 2359 1071 2458 inspersa
1117 2371 1514 2457 apparent
1619 2430 1638 2443 ,

707 2473 1319 2570 Scleromycetes
1385 2497 1429 2548 e
1483 2473 1789 2549 tubulis
1853 2475 2310 2576 cellulique
2371 2499 2565 2555 con-

509 2602 713 2665 stant
760 2586 1260 2684 subglobosis
1319 2589 1742 2686 aggregatis
1806 2590 2104 2665 coalitis
2169 2587 2565 2666 obscuris-

509 2729 686 2805 que.
787 2706 1085 2804 Sporae
1125 2702 1327 2778 intra
1372 2702 1635 2779 thecas
1679 2705 2315 2783 membranaceas
2347 2704 2566 2806 posi-

505 2833 629 2895 tae
681 2831 882 2905 sunt,
931 2817 1145 2925 ipsae
1197 2841 1240 2892 e
1289 2817 1553 2931 tunica
1605 2819 2200 2894 membranacea
2247 2818 2513 2895 factae.

702 2937 1284 3028 Sarcomycetes
1336 2920 1378 3007 e
1428 2932 1626 3008 vasis
1674 2930 1989 3015 fibrosis
2054 2955 2566 3030 componun..

502 3063 635 3124 tur
685 3048 1000 3134 coalitiS,
1050 3048 1426 3148 inspersis
1479 3045 1782 3122 cellulis
1824 3041 2291 3140 majoribus,
2346 3068 2560 3144 quae

501 3163 910 3239 interdum
958 3175 1212 3257 totam
1264 3182 1730 3260 compagem
1780 3156 2145 3232 formant.
2248 3159 2588 3246 Thecas.

500 3278 800 3351 habent
869 3270 985 3352 uti
1068 3274 1641 3376 praecedentes.
1779 3271 2226 3370 Cinguntur
2303 3273 2553 3349 thallo

502 3391 880 3479 floccoso.
916 3420 925 3432 ·
1918 3372 1949 3394 '⁵
2579 3404 2584 3411 '

698 3509 1368 3600 Gasteromycetes
1431 3500 1727 3578 habent
1786 3501 2138 3585 tunicam
2206 3527 2262 3609 e„
2303 3503 2552 3580 cellu-

497 3622 594 3696 lis
646 3618 1150 3716 subglobosis
1199 3616 1758 3716 irregularibus
1807 3617 2351 3719 compositam.

699 3736 1358 3830 Gymnomycetes
1432 3746 1732 3808 stroma
1804 3731 2237 3809 ostendunt
2309 3758 2352 3809 e
2424 3748 2552 3809 tu·-

498 3849 708 3925 bulis
775 3847 1245 3950 cellulisque.
1283 3864 1658 3926 constans·
1696 3861 1901 3923 arcte
1953 3849 2319 3923 connexis
2370 3873 2549 3924 coa-

497 3963 654 4039 litis
717 3979 810 4040 ut
870 3961 1337 4039 difficillime
1397 3965 1882 4040 extricentur.
1998 3962 2361 4063 Sporidia
2410 3963 2548 4037 ha„

460 4069 691 4156 'bent
737 4080 1005 4181 sporis
1041 4077 1680 4181 praecedentium
1729 4074 2031 4160 similia⁶
2087 4077 2552 4178 Hyphomyz«
