2843 4800
1118 272 1488 409 FOLIA.
2171 338 2328 412 193

279 535 824 617 Anastomosis
874 535 1158 610 haecce
1208 560 1376 613 non
1426 558 1605 609 vera
1657 536 1800 619 est,
1850 531 1990 606 sed
2040 536 2323 633 spuria,

275 677 451 727 vasa
506 651 721 726 enim
788 649 1081 726 fibrosa
1133 634 1604 750 spiraliaque
1656 674 1697 723 e
1747 662 1991 722 nervo
2042 646 2326 745 majori

271 782 364 844 ut
456 792 503 841 e
599 765 819 847 caule
908 763 1289 839 secedunt
1370 766 1886 862 minoresque
1974 759 2327 840 formant

272 906 704 957 nervorum
765 878 1154 966 ramulos,
1222 895 1298 955 et
1357 903 1631 953 rursus
1679 876 1847 950 aliis
1898 878 2155 951 nervis
2206 904 2327 954 ac⁴

274 995 586 1071 cedunt.
706 998 800 1069 In
894 992 1464 1069 ramificatione
1555 1016 1987 1066 nervorum
2067 996 2328 1068 -acc're-

273 1122 505 1183 scunt
605 1134 780 1184 vasa
812 1168 832 1195 ,
948 1132 1135 1183 nam
1218 1108 1639 1209 partitione
1741 1129 1908 1180 non
1985 1106 2329 1209 semper

270 1224 674 1299 tenuiores
728 1222 1087 1299 evadunt.
1535 1300 1540 1305 ,

467 1337 761 1412 Sceleta
810 1335 1197 1412 foliorum
1245 1335 1553 1439 primus
1599 1334 2083 1436 praeparavit
2112 1338 2328 1435 Ruy-

272 1453 534 1527 schius
586 1450 935 1547 (Advers.
968 1462 1166 1526 anat.
1217 1453 1309 1523 D.
1358 1453 1426 1525 3.
1477 1475 1551 1523 n.
1607 1455 1669 1524 l.
1723 1452 1905 1525 Cur.
1953 1463 2153 1547 post.
2185 1451 2321 1547 Ιε.)

269 1570 463 1643 Rete
514 1565 1015 1642 v'asculosum
1064 1564 1591 1639 maceratione
1636 1564 1720 1637 in
1757 1562 1922 1637 duo
1962 1562 2321 1640 distincta

271 1681 459 1755 retia
512 1678 1036 1754 dividendum
1089 1703 1254 1754 esse
1304 1679 1612 1778 primus
1660 1674 1717 1752 1.
1771 1682 2167 1753 Gesnerus
2212 1678 2321 1754 vi-

275 1793 388 1868 dit
440 1795 708 1886 (Linn.
759 1792 1147 1868 Fundam.
1197 1793 1360 1866 bot.
1413 1792 1597 1865 cum
1648 1795 1702 1866 Ι.
1758 1796 2074 1867 Gesner.
2119 1795 2317 1873 Diss.

267 1909 559 2011 physiC.
623 1933 696 2009 p.
749 1908 935 2004 462).
1046 1909 1242 1982 Rete
1291 1904 1623 1980 inferius
1671 1908 1910 1981 ramis
1962 1922 2322 1985 constare

267 2023 512 2098 laxius
582 2021 1046 2107 intertextiS,
1109 2021 1233 2095 his
1295 2018 1780 2118 respondere
1843 2047 2110 2097 ramos
2157 2023 2318 2123 pri-

266 2138 562 2233 marios
623 2136 1088 2238 superioris,
1164 2134 1302 2235 qui
1370 2132 1660 2233 deinde
1701 2159 1867 2236 *per
1912 2136 2321 2219 interstitia

269 2251 713 2327 areolarum
785 2251 871 2325 in
957 2263 1122 2324 rete
1203 2247 1708 2323 vasculosum
1787 2250 2314 2357 tenerrimum

269 2365 750 2441 dividuntur.
863 2369 1029 2440 Hae
1079 2354 1264 2439 vero
1322 2360 1745 2438 divisiones
1793 2359 1879 2437 in
1929 2359 2141 2439 foliis
2177 2370 2319 2443 *ve-

267 2482 460 2577 getis
510 2480 1010 2579 microscopii
1066 2503 1219 2580 ope
1270 2501 1441 2558 non
1495 2476 2106 2572 distinguuntur.

392 2691 393 2694 Ἴ
460 2598 735 2690 Margo
786 2592 1169 2670 foliorum
1219 2604 1606 2668 structura
1661 2615 1700 2666 a
1752 2589 2063 2692 reliquo
2115 2592 2316 2674 folio

263 2706 493 2784 valde
571 2705 850 2781 differt.
973 2709 1301 2784 Constat
1373 2730 1415 2781 e
1491 2705 1689 2780 serie
1760 2728 1922 2782 una
1989 2706 2319 2794 alteraxe

264 2822 730 2899 cellularum
777 2821 1458 2923 prosenchymatis
1495 2817 1609 2898 ad·
1656 2817 1958 2926 apicem
1992 2817 2166 2895 folii·
2197 2822 2320 2898 di,

265 2952 674 3014 rectarum.
797 2941 1103 3012 Harum
1170 2932 1635 3012 cellularum
1664 2963 1670 2968 ’
1698 2956 2116 3034 compages
2181 2933 2318 3012 fir‘-

264 3052 501 3135 mior,
556 3050 751 3150 quin
804 3074 1035 3151 saepe
1086 3046 1574 3144 cartilaginea
1623 3060 1758 3124 est.
1837 3095 1874 3124 -.
2217 3115 2221 3122 .
2312 3137 2319 3152 ι

456 3164 707 3251 Folia,
776 3164 840 3238 si
903 3178 1107 3243 statu
1159 3147 1578 3265 ‘primitivo
1623 3158 2105 3248 consideras,
2177 3186 2316 3262 pyr·

264 3277 528 3353 xidem
576 3257 930 3353 formant
976 3279 1174 3357 circa
1212 3275 1519 3353 caulem
1566 3299 1608 3350 e
1639 3275 2316 3376 tribus,'quatuor,

266 3393 622 3493 quinque
672 3390 882 3468 soliis
936 3406 1447 3477 constantem,
1500 3402 1854 3488 gemmas
1907 3390 2318 3472 continen-

262 3519 451 3593 tem,
522 3504 841 3607 qualem
889 3505 976 3580 in
1031 3505 1453 3584 Casuarina
1507 3527 1827 3584 cernere
1874 3504 2084 3584 licet-2
2169 3503 2320 3584 Ca·

261 3617 406 3715 lyci
481 3633 674 3693 tunc
741 3617 1022 3693 similia
1089 3632 1290 3693 sunt.
1412 3622 1624 3696 Haec
1674 3632 2104 3708 estsscausffi
2161 3645 2321 3696 cur-

258 3733 537 3834 pagina
604 3732 971 3832 superior
1010 3747 1176 3808 'seu
1221 3732 1491 3834 potius
1537 3731 1904 3821 interior,
1970 3735 2068 3810 ab
2116 3731 2318 3811 infe-

259 3847 473 3922 riore
549 3870 693 3920 seu
769 3847 1151 3923 exteriore
1237 3845 1522 3923 differta
1643 3845 2134 3924 Evolutione
2216 3845 2324 3927 ad

257 3974 548 4037 statum
623 3961 885 4038 istum·
940 3959 1445 4063 perveniunt,
1528 3972 1694 4060 qu'o
1742 3983 1949 4036 -sese
2015 3956 2319 4036 'offerre

1187 4089 1194 4095 ·
1625 4076 1727 4152 13
