2843 4800
909 342 1662 427 ,sTnth'rnR-A.
2109 328 2116 331 ’
2219 350 2310 437 ⁷1

262 540 642 619 labantur.
724 537 947 618 Male
993 540 1234 639 igitur
1277 537 1564 620 Mirbel
1611 539 2057 619 seeundum
2083 543 2308 624 uhanc:

261 652 943 757 comparationem
1005 669 1221 757 septa
1281 655 1489 733 inter
1547 657 2049 732 membranas
2119 660 2303 741 sim·

257 769 491 872 plicia
561 792 730 844 esse
793 767 898 845 ait
970 768 1091 870 (p.
1157 773 1319 847 176.
1336 768 1390 865 ).
1507 768 1866 846 Similem
1913 771 2305 861 theoriam

253 882 413 982 jam
446 936 451 947 ί
481 881 681 958 olim
739 879 1102 958 Wolfius
1168 883 1506 981 (Theor.
1551 896 1901 980 generat.
1953 885 2072 960 ed.
2125 872 2303 977 nov,

252 998 421 1084 Hal.
475 999 687 1074 1774.
735 1022 809 1096 p.
863 997 1011 1093 16.)
1064 996 1440 1096 exposuit,
1488 994 1846 1073 vesiculis
1883 997 2084 1075 intra
2119 1000 2305 1085 sub,-

254 1111 622 1188 stantiam
687 1107 1183 1212 aequabilem
1255 1109 1524 1209 (mere
1584 1110 1930 1187 mixtam‘
1981 1112 2106 1188 uti·
2163 1138 2304 1191 vo·
2377 1192 2382 1195 ,

256 1226 425 1324 cat.)
478 1223 695 1301 ortis.

449 1365 551 1441 At
612 1359 829 1437 nulla
891 1385 1072 1461 pars
1133 1358 1218 1436 in
1280 1360 1564 1462 plantis
1628 1318 2122 1439 normalibus
2181 1388 2303 1440 ae·-

255 1476 596 1579 quabilis
668 1489 785 1550 est
856 1488 934 1549 et
998 1474 1294 1574 absque
1359 1472 1692 1563 cellulis,
1772 1476 1987 1553 nulla
2049 1482 2303 1553 meni·

254 1591 508 1666 brana
552 1588 943 1665 invenitur
992 1612 1037 1663 e
1085 1587 1384 1663 cellulis
1431 1612 1602 1663 non
1653 1591 2109 1693 composita,
2149 1591 2300 1668 nisi

257 1702 718 1779 cellularum
793 1701 1256 1777 membrana
1328 1701 1517 1803 ipsa.
1642 1704 2085 1781 Substantia
2156 1705 2300 1782 ista

251 1842 477 1893 mere
540 1818 776 1892 mixta
841 1813 1171 1903 Wolfii,
1239 1828 1376 1891 aut
1433 1839 1865 1918 saponacea
1916 1831 1994 1893 et
2038 1818 2300 1916 gelati*

251 1957 446 2009 nosa
496 1928 841 2008 Mirbelii
890 1953 1057 2005 non
1109 1929 1379 2004 existit.

443 2065 810 2166 Quodvis
867 2066 1107 2198 igitur
1167 2081 1481 2169 septum
1542 2068 1859 2145 cellulas
1922 2067 2301 2146 dirimens

249 2182 544 2285 duplex
595 2195 727 2258 est.
822 2184 922 2256 Et
969 2182 1078 2257 sic
1127 2205 1296 2257 non
1329 2206 1511 2258 raro
1547 2182 2044 2282 conspicitur,
2076 2207 2298 2285 prae-

248 2297 521 2374 sertim
592 2297 676 2371 in
726 2296 1081 2395 margine
1129 2297 1547 2398 parietum,
1598 2296 1739 2373 ubi
1787 2294 2297 2373 membranae

247 2412 664 2499 secedunt,
729 2435 792 2485 e.
857 2435 923 2510 g.
988 2411 1073 2486 in
1122 2412 1421 2513 petiolo
1471 2410 1644 2488 solii
1693 2413 2115 2491 Phoenicis
2164 2413 2298 2489 da-

247 2524 643 2623 ctyliferae
704 2538 842 2601 etc.
963 2528 1167 2603 Cave
1225 2551 1451 2613 vero,
1540 2549 1643 2601 ne
1706 2526 2100 2624 margines
2163 2549 2296 2629 pa

247 2640 552 2716 rietum
596 2638 1096 2729 inferiorum,
1148 2665 1351 2742 quae
1400 2642 1896 2727 translucent,
1946 2666 2096 2741 pro
2149 2639 2296 2717 du-

246 2752 440 2856 plici
493 2753 775 2828 habeas
822 2767 1067 2856 septo.
1185 2755 1686 2832 Membranas
1735 2755 1933 2855 septi
1980 2756 2085 2833 ita
2138 2755 2296 2832 col-

243 2869 403 2944 labi
477 2881 555 2942 et
620 2891 1117 2944 concrescere
1181 2882 1274 2944 ut
1335 2893 1565 2970 saepe
1626 2867 1955 2970 simplex
2007 2868 2294 2945 consti-

241 2994 473 3059 tuant
519 2995 837 3085 septum
889 2998 965 3059 et
1012 3005 1228 3058 nunc
1277 3005 1445 3057 non
1495 3005 1701 3080 nego
1767 2980 2292 3080 (Grundlehr'.

249 3098 324 3173 d.
374 3101 591 3174 Anat.
640 3122 720 3172 u.
770 3097 1113 3194 Physiol.
1163 3094 1236 3171 d.
1285 3094 1430 3172 ΡΗ.
1482 3098 1690 3170 Gott.
1740 3098 1950 3171 18117.
2000 3120 2074 3195 p.
2124 3093 2292 3189 54..)

252 3209 410 3289 Csr.
462 3235 789 3313 quoque
837 3210 1247 3315 Rudolphi
1299 3212 1518 3288 Anat
1571 3201 2292 3350 (1.Ρ11.Βει·1.18117

247 3350 324 3428 P·
374 3325 608 3421 249..)

438 3463 903 3542 Membrana
968 3488 1014 3541 e
1087 3463 1377 3567 quibus
1443 3460 1903 3537 cellularum
1963 3455 2293 3563 parietes

245 3591 610 3655 constant
670 3601 986 3679 semper
1044 3577 1355 3675 hyalina
1410 3589 1555 3655 est.
1680 3573 2047 3654 Colorata
2122 3596 2290 3660 non

244 3693 391 3776 nisi
446 3692 555 3768 ob
606 3716 936 3770 succum
987 3705 1450 3771 contentum
1501 3704 1836 3795 apparet.

434 3841 727 3918 Aerem
775 3840 1062 3918 vehere
1111 3839 1428 3937 cellulas
1474 3838 1706 3918 multi
1739 3842 2123 3918 Auctom
2138 3833 2289 3935 ‚fad

174 4027 177 4028 f
245 3951 466 4031 dunt.
565 3956 671 4048 At
713 3961 896 4048 aere
945 3978 1114 4034 non
1163 3952 1314 4032 nisi
1360 3954 1447 4032 in
1498 3931 1796 4038 cellulis
1841 3931 2154 4054 effoetis
2217 3928 2292 4026 et

242 4068 336 4143 iis
387 4092 589 4172 quas
639 4068 1126 4174 compositas
1177 4066 1391 4157 dico,
1439 4065 1894 4148 invenitur·
