2843 4800
514 313 615 385 90
1162 311 1922 398 STRUCTURA.

518 508 910 585 Oriuntur
1005 534 1047 583 a
1143 506 1697 584 secedentibus
1798 505 2117 585 cellulis
2260 512 2582 585 Horum

494 620 985 722 exemplum·
1055 619 1298 698 habes
1382 622 1469 696 in
1556 620 1769 697 foliis
1866 622 2044 699 Pini
2139 622 2582 709 uncin‘atae.

509 736 653 812 ubi
690 759 904 812 ⁴vero
969 736 1219 833 magis
1283 736 1679 834 regulares
1744 749 1963 823 sunt,
2039 761 2285 838 quam
2332 737 2576 835 vulgo

512 875 677 926 esse
728 851 1003 926 solent.
1461 852 1466 858 ’
2207 923 2212 924 ⁷

702 968 879 1041 Huc
965 989 1294 1066 qnoque
1377 962 1654 1039 referri
1751 978 2094 1065 possunt
2157 963 2577 1042 .vesiculae
2681 958 2690 965 ’

510 1085 781 1155 aereae
838 1082 1284 1166 Pacorum,
1352 1079 1450 1153 ab
1505 1078 1895 1154 exsiccatis
1945 1078 2144 1154 vasis
2194 1079 2575 1177 gelatino-

508 1196 612 1273 sis
661 1192 1117 1296 productae.
1613 1211 1618 1220 ·

699 1308 1307 1404 Distinguantur
1367 1306 1697 1382 lacunae
1764 1333 1807 1383 a
1856 1307 2062 1384 veris
2110 1306 2569 1384 cavitatibus

504 1422 591 1512 in
663 1421 1051 1512 fructibus
1119 1422 1451 1523 aliisque
1514 1420 1875 1521 partibus
1934 1419 2571 1498 fructificationis

272 1555 280 1564 ⁶
362 1531 365 1534 ’
503 1562 674 1613 non
739 1562 920 1612 raro
974 1535 1247 1611 obviis,
1346 1540 1513 1612 Hae
1565 1535 1781 1611 enim
1828 1536 2044 1613 intus
2094 1538 2568 1640 membrana

328 1713 397 1762 ..-
500 1651 1058 1739 investiantur,
1107 1650 1286 1725 illae
1334 1650 1690 1726 minime.

693 1765 1296 1863 Distinguantur
1392 1789 1721 1865 quoque
1818 1789 1862 1841 a
1965 1766 2419 1842 cavitatibus
2514 1791 2564 1845 e

497 1880 1104 1981 parenchymate
1164 1887 1661 1980 putrescente
1728 1881 2017 1955 exortis
2078 1907 2264 1957 casu
2338 1881 2560 1957 natis,

495 2001 858 2071 Lacunae
921 1994 1137 2069 enim
1211 1993 1275 2067 si
1356 2018 1399 2069 a
1471 1994 2079 2094 parenchymate
2154 1994 2561 2073 fatiscente

498 2110 886 2193 oriuntur,
935 2107 1094 2182 hoc
1145 2132 1290 2207 per
1337 2131 1440 2194 se,
1491 2132 1637 2184 nec
1688 2109 1785 2183 ab
1839 2122 2154 2186 externa
2205 2110 2559 2211 quadam

496 2247 583 2298 re
636 2236 1105 2324 corruptum
1155 2220 1456 2296 fatiscit.

491 2460 634 2550 58.
766 2447 1026 2548 Vasci
1052 2426 1458 2582 ‘'spir-alia
1526 2450 2016 2550 constant>
2060 2490 2114 2551 e
2178 2461 2554 2552 lamina

612 2628 791 2689 seu
862 2597 1196 2732 petius
1267 2597 1626 2689 tubulo
1703 2599 2058 2692 helicis
2142 2601 2250 2692 in
2333 2631 2545 2693 mo-

617 2738 861 2828 dum
928 2752 1428 2829 contorto.

606 2985 617 2992 .
678 2916 877 2988 Vasa
930 2911 1238 3013 spiralia
1285 2912 1598 3014 primus
1648 2913 2052 3015 desctipsit
2082 2919 2317 2990 Marc.
2349 2915 2551 2991 Mal-

482 3026 701 3127 pighi
779 3026 1043 3123 (Anat.
1118 3028 1354 3129 plant.
1433 3032 1582 3127 Op.
1662 3051 1878 3102 omn.
1950 3030 2017 3100 2.
2088 3032 2174 3100 T.
2242 3028 2545 3121 (Lond.

487 3146 697 3218 1675.
761 3140 896 3216 fol.
947 3143 1191 3241 Lugd.
1241 3146 1399 3217 Bat.
1455 3146 1663 3216 1687.
1714 3143 1846 3234 4.).
1946 3138 2337 3219 Adfirmat
2383 3149 2542 3221 Ne-

479 3254 786 3330 hemias
841 3259 1075 3331 Grew
1124 3280 1205 3331 se
1259 3265 1450 3330 ante'
1485 3253 2011 3355 Malpighium
2075 3254 2395 3347 vidisse,
2462 3275 2544 3336 at

487 3394 692 3470 opus
766 3369 851 3442 in
918 3393 1081 3467 quo
1122 3368 1590 3469 descripsit,
1665 3372 2057 3469 Anatomy
2127 3370 2228 3447 of
2259 3373 2539 3475 plants.

476 3482 818 3562 Londin.
872 3485 1082 3557 1682.
1135 3481 1267 3558 fol.
1317 3482 1635 3586 prodiit.
1749 3488 1850 3562 Et
1898 3502 2076 3563 ante
2128 3489 2539 3567 Grewium

482 3597 727 3673 alium
793 3595 1140 3693 Anglum
1204 3590 1603 3674 Henshaw
1662 3597 1822 3699 jam
1873 3626 2085 3677 anno
2139 3586 2349 3679 1661.
2383 3628 2536 3681 co-

477 3739 649 3788 ram
705 3711 1088 3788 Societate
1139 3713 1378 3810 Regia
1430 3714 1817 3791 indicasse
1862 3714 2225 3791 Birchius
2259 3730 2541 3796 auctor

481 3841 595 3903 est
644 3827 878 3922 (Hist.
932 3824 1031 3902 of
1064 3827 1200 3903 the
1247 3829 1500 3926 Royal
1554 3831 1868 3928 Society
1918 3834 2007 3907 T.
2060 3836 2123 3915 1,
2173 3859 2250 3934 p.
2297 3834 2480 3928 32).

383 4012 386 4018 A
492 3986 499 3989 ,
671 3942 1020 4044 Liquore
1085 3941 1441 4021 colorato
1492 3945 1777 4023 haecce
1826 3969 2001 4021 vasa
2050 3947 2361 4049 primus
2410 3973 2533 4025 re-

478 4056 717 4156 plevit
774 4058 1222 4155 Magnolius
1257 4096 1263 4101 .
1303 4061 1533 4154 (Hist.
1581 4060 1720 4137 :de-
1764 4059 2066 4155 l'AcacL.
2105 4059 2178 4157 d.
2231 4059 2533 4138 Scienc.
