2843 4800
914 332 1670 422 STRUCTURA.
2227 348 2327 423 83

255 542 555 640 ligneas
593 557 841 631 vocat,
905 539 1043 618 sed
1093 566 1313 618 cavas
1356 542 1535 617 'esse
1582 555 1823 643 putat,
1874 555 1950 617 et
1995 566 2320 623 succum

255 656 547 732 vehere
613 656 1054 732 nutritium.
1170 660 1266 732 In
1328 670 1782 732 contextum
1849 656 2321 738 cellulosum

254 772 590 847 transire
627 770 865 858 addit,
903 786 980 847 at
1012 796 1185 846 rem
1219 770 1490 845 minus
1527 784 1880 846 accurate
1913 774 2242 850 exhibet.
2388 778 2394 784 ’

455 885 721 961 Secuti
771 901 960 967 sunt
1006 889 1388 962 Auctores
1438 883 1601 959 fere
1652 910 1964 973 omnes,
2017 889 2154 988 qui
2222 890 2322 966 de

251 1000 710 1101 plantarum
760 1000 1152 1076 anatomia
1204 999 1578 1100 scripsere
1627 1025 1885 1100 usque
1950 1002 2048 1077 ad
2110 1004 2323 1079 Hed-

253 1115 623 1211 wigium,
689 1115 824 1215 qui
892 1117 977 1189 in
1056 1120 1424 1192 Tractatu
1486 1114 1585 1188 de
1650 1112 1904 1190 fibrae
1962 1117 2320 1195 animalis

258 1242 342 1305 et
387 1230 835 1326 vegetabilis
887 1243 1072 1305 ortu
1119 1230 1321 1330 Lips.
1375 1232 1587 1305 1790.
1640 1231 1707 1303 4.
1761 1228 1864 1304 de
1914 1233 2113 1307 vasis
2159 1235 2321 1335 ‘spi-

254 1342 557 1417 ralibus
605 1357 917 1419 tantum
969 1358 1046 1419 et
1091 1344 1649 1420 revehentibus
1698 1343 2060 1444 loqui-fur
2110 1362 2185 1422 et
2231 1349 2316 1425 in

255 1459 587 1544 MusciS,
651 1459 946 1556 Fungis
1012 1472 1089 1534 et
1150 1457 1637 1557 quibusdam
1706 1460 2078 1559 aquaticis
2141 1488 2317 1540 vasa

261 1570 735 1648 adducentia
784 1587 991 1647 recta
1042 1571 1239 1646 vidit
1287 1599 1359 1672 p.
1410 1576 1528 1648 23.

468 1687 840 1786 Sprengel
906 1686 1229 1783 (Anleit.
1290 1685 1442 1762 Ed.
1512 1691 1574 1761 1.
1625 1714 1699 1788 p.
1746 1684 1911 1784 93.)
1962 1685 2047 1761 in
2097 1686 2319 1766 fibris

255 1798 466 1884 Lini,
550 1801 952 1877 Cannabis
1061 1815 1200 1875 etc.
1285 1814 1765 1877 structuram
1849 1799 2318 1879 cellulosam

259 1915 661 1991 observari
721 1916 1204 2018 pronuntiat.
1304 1917 1702 2019 Copiosus
1764 1930 1880 1991 est
1938 1906 2023 1990 in
2074 1915 2316 1995 libro:

258 2034 475 2106 Vom
524 2033 694 2105 Bau
746 2028 818 2103 d.
873 2034 1083 2106 Gevv.
1133 2057 1208 2133 p.
1258 2033 1423 2107 423.
1477 2032 1577 2106 de
1610 2031 1826 2105 hisce
1860 2031 2077 2117 vasiS,
2113 2056 2319 2132 quae

256 2145 741 2219 Bastrbhren
815 2159 1058 2220 vocat.
1180 2149 1275 2222 In
1350 2145 1626 2222 Anleit.
1666 2142 1835 2220 Ed.
1917 2146 1986 2219 2.
2061 2172 2133 2276 p.
2198 2149 2318 2222 25.

262 2256 731 2335 Sastriihren
794 2260 1131 2360 appellat
1193 2274 1269 2336 et
1332 2273 1685 2336 accurate
1761 2257 1862 2333 de
1934 2259 2124 2359 ipsis
2198 2260 2320 2337 lo-

261 2374 537 2475 quitur
584 2398 845 2475 usque
895 2374 996 2450 ad
1044 2374 1322 2453 ultima
1372 2374 1640 2463 verba,
1694 2397 1896 2477 quae
1930 2398 2098 2450 non
2131 2398 2320 2479 pro·

254 2489 637 2563 baverim.

462 2602 748 2678 Mirhel
828 2604 1215 2705 (Exposit.
1302 2603 1374 2679 d.
1452 2603 1497 2678 l.
1571 2603 1880 2679 theorie
1952 2630 2025 2704 Ρ.
2104 2605 2316 2703 186.)

259 2742 447 2791 vasa
513 2711 806 2792 fibrosa
870 2717 967 2793 ad
1032 2733 1486 2795 contextum
1539 2716 2012 2792 cellulosum
2059 2716 2320 2793 refert.-

255 2830 664 2933 Loquitur
744 2831 841 2909 de
921 2833 1160 2934 septis
1240 2829 1728 2917 transversiS‚
1812 2855 2017 2932 quae
2103 2830 2319 2932 succi

256 2971 774 3048 progressum
854 2946 1312 3047 impediant.
1445 2949 1544 3021 At
1625 2943 2020 3041 ejusmodi
2102 2959 2320 3045 septa

261 3085 432 3135 non
499 3062 870 3148 existunt,
931 3060 1291 3162 quamvis
1366 3057 1979 3133 extremitatibus
2060 3057 2320 3132 clausa

261 3175 427 3249 sint
467 3201 642 3251 vasa
692 3174 1009 3250 fibrosa.
1106 3179 1283 3276 Ipse
1319 3171 1834 3273 (Grundlehr.
1882 3198 1957 3273 Ρ.
2004 3175 2118 3249 17.
2161 3169 2320 3269 60.)

258 3315 447 3365 vasa
507 3288 799 3367 fibrosa
859 3305 1139 3391 utpote
1186 3313 1562 3365 vasorum
1612 3300 1977 3362 naturam
2023 3286 2324 3363 haben-2

259 3404 366 3479 tia
419 3405 725 3502 negavi,
777 3418 855 3480 at
905 3404 1090 3481 dein
1143 3404 1629 3502 (Nachtrage
1676 3400 1864 3479 Hest
1914 3406 1977 3476 1.
2030 3427 2104 3505 p.
2156 3401 2324 3497 14.)

261 3520 598 3606 restitui,
650 3519 911 3594 verbis
963 3518 1411 3618 discrepans
1461 3540 1609 3593 nec
1657 3541 1761 3591 re.

449 3633 895 3711 Bernhardi
949 3632 1414 3731 (Beobacht.
1463 3632 1594 3707 ub.
1660 3626 2320 3727 Pflanzengefasse

262 3746 537 3823 Erfurt
603 3750 864 3846 1803.)
933 3748 1227 3824 dubius
1304 3761 1421 3846 est
1492 3746 1593 3822 de
1666 3745 1845 3821 libri
1914 3754 2321 3819 structura.

268 3864 747 3938 Treviranus
835 3865 970 3962 (V.
1044 3859 1395 3940 inwend.
1458 3864 1629 3938 Bau
1699 3856 2326 3986 p.17.seqq.)

266 3975 504 4056 fibras
557 4002 779 4054 cavas
831 4001 995 4071 esse
1044 3976 1348 4080 probat.

457 4091 778 4169 Solidas
840 4117 1009 4170 esse
1069 4090 1312 4168 fibras
1375 4103 1602 4194 putat
1662 4085 2026 4165 Medicus
2086 4085 2327 4182 (Bey-

1623 4205 1727 4278 6·
1914 4249 1917 4251 v
