2843 4800
537 296 690 373 238
1105 295 2006 376 INTEGUMENTA.

733 495 1049 572 Plantae
1090 489 1447 593 juniores
1487 497 1952 598 praesertim
2002 498 2180 599 pilis
2231 500 2588 579 obtectae

544 625 760 697 sunt,
823 612 1130 713 plantae
1193 611 1496 712 alpinae
1565 625 1641 686 et
1687 625 2132 701 montosae,
2181 612 2376 689 locis
2442 616 2588 690 sic-

494 720 666 804 ⁴cis
752 739 1210 813 crescenteS,
1301 738 1701 824 ventoque
1783 727 2168 827 expositis.
2301 728 2589 819 Gallae,

543 856 932 943 punctura
994 840 1267 915 insecti
1331 836 1741 934 cujusdam
1806 855 2144 930 exortae,
2196 844 2591 945 saepepi-

541 957 669 1033 los
733 968 1047 1055 gerunt,
1108 967 1386 1053 utpote
1450 952 1545 1026 ab
1625 951 2114 1030 incremento
2191 957 2588 1046 inchoato,

546 1093 692 1145 nec
740 1067 1107 1170 perfecto.
1209 1071 1411 1142 Sunt
1456 1080 1719 1141 tamen
1769 1067 2097 1171 plantae,
2149 1095 2348 1170 quae
2383 1072 2589 1170 pilos

548 1182 1011 1285 proferunt,
1053 1203 1540 1281 quamquam
1590 1179 1671 1252 in
1722 1180 1816 1253 iis
1868 1180 2092 1267 locis,
2146 1208 2346 1283 quae
2400 1184 2588 1261 dixi-

547 1323 751 1383 mUS,
801 1320 967 1371 non
1022 1308 1381 1380 crescant,
1417 1294 1709 1393 quibus
1742 1317 1930 1369 vero
1970 1297 2336 1372 naturalis
2370 1299 2588 1375 nisus

546 1410 780 1496 inest,
876 1422 1131 1509 partes
1206 1406 1688 1483 excernendi.
1834 1412 1972 1484 Est
2045 1412 2378 1488 excretio
2463 1437 2589 1488 or-

548 1526 839 1623 ganica.
2644 1620 2649 1624 ι

740 1643 1291 1735 Integumento
1341 1635 1807 1723 inserviunt,
1869 1636 2010 1711 sed
2059 1662 2245 1714 casu
2291 1639 2592 1717 id-tan-

545 1768 722 1847 ,tum
774 1751 974 1838 fieri,
1027 1749 1632 1827 existimandum
1687 1763 1819 1824 est.

743 1871 1140 1943 Humores
1207 1876 1632 1939 excernunt
1694 1887 1922 1963 saepe
1991 1866 2588 1965 conspiciendos

553 1981 721 2080 (cfr.
775 1978 1249 2057 Grundlehr.
1305 1976 1376 2050 d.
1428 1979 1646 2052 Anat.
1697 2004 1771 2077 p.
1827 1978 2043 2076 122.)
2138 1977 2363 2054 Idem
2403 1995 2590 2058 tunc

550 2106 969 2196 praestant,
1046 2089 1268 2220 quod
1346 2089 1804 2190 epidermiS,
1882 2105 1958 2167 et
2020 2092 2590 2193 epidermidem

551 2207 1100 2308 prolongatam
1150 2204 1450 2278 sistunt.

753 2324 986 2406 Sunt,
1096 2318 1232 2419 qui
1328 2294 1800 2419 putaverint,
1898 2319 2107 2420 pilos
2188 2322 2594 2398 resorbere

556 2433 957 2536 (Schrank
1028 2459 1094 2507 v.
1173 2432 1244 2506 d.
1317 2431 1856 2531 Nebengefass.
1930 2461 2002 2534 p.
2080 2435 2260 2531 72).
2380 2437 2590 2514 Pilos

552 2548 1007 2652 praesertim
1073 2547 1158 2621 in
1220 2547 1618 2623 radicibus
1695 2549 2027 2624 obortos
2091 2544 2282 2625 huic
2346 2574 2586 2650 scopo

557 2664 855 2738 dicatos
930 2684 1094 2735 esse
1167 2660 1602 2760 perhibent.
1715 2665 1814 2738 At
1875 2663 2014 2763 pili
2066 2662 2147 2737 in
2199 2663 2591 2739 radicibus

554 2791 862 2854 tantum
900 2774 1285 2861 oriuntur,
1333 2774 1472 2850 ubi
1509 2776 1855 2852 humum
1907 2801 2084 2852 non.
2110 2776 2593 2873 contingunt,

558 2904 636 2965 et
681 2889 821 2964 ubi
873 2880 1236 2963 alimenta
1281 2888 1595 2965 haurire
1629 2903 2053 2991 nequeunt.
2148 2891 2595 2965 Incremen-

553 3018 733 3082 tum
761 3002 1261 3077 ramulorum
1293 3002 1772 3103 impeditum
1808 3025 1971 3075 esse
2003 3002 2269 3100 potius
2314 3016 2595 3079 testan-

554 3131 704 3192 tur.
814 3116 1161 3204 Plantae,
1229 3140 1432 3216 quae
1497 3114 1919 3190 certissime
1983 3113 2412 3191 humorem
2480 3142 2593 3192 re-

558 3231 913 3315 sorbent,
1005 3253 1067 3304 e.
1150 3252 1215 3325 g.
1265 3228 1825 3314 ‘succulentae,
1887 3227 2083 3304 locis
2157 3217 2593 3305 siceissimis

559 3354 987 3436 crescentes
1038 3340 1551 3439 glaberrimae
1602 3353 1805 3416 sunt.

559 3495 1005 3600 144111
1081 3493 1451 3584 cellulis
1523 3493 2242 3626 Aquaticarum
2331 3527 2594 3588 com-

679 3635 1026 3756 positis
1121 3639 1285 3751 pili
1379 3641 1704 3725 interne
1800 3635 2223 3726 subinde
2317 3663 2594 3753 repe-

680 3774 1101 3864 riuntur.

624 3929 627 3932 ’
750 3919 850 3997 ln
907 3914 1207 3992 cellulis
1266 3917 1823 4016 Aquaticarum
1876 3877 2334 4018 compositis
2380 3885 2598 4019 prae-

560 4031 826 4110 sertim
923 4031 1429 4134 Nymphaeae
1517 4045 1680 4109 tam
1760 4031 2281 4135 petiolorum,
2359 4055 2596 4134 quam
