2843 4800
1148 312 1374 388 FLO
1397 314 1471 386 S.
2193 312 2341 387 273

273 524 322 612 1
340 520 480 613 62.
614 517 901 634 Calyx
936 538 939 541 ’
974 526 1144 602 aut
1225 516 1538 602 decidit
1612 527 1781 604 aut
1873 521 2336 605 marcescit

400 670 570 749 aut
654 661 1048 773 persistit
1124 648 1704 744 secundum
1795 668 2331 743 metamor-

397 796 808 919 phosim
876 795 1610 912 anamorphosi
1649 795 2081 884 naturali
2114 827 2373 912 pap--

328 938 341 949 ’
390 971 562 1058 pus
622 934 763 1037 fit,
829 947 1408 1024 monstrosa
1448 936 1985 1050 frondescit.

350 1082 355 1087 ’
475 1078 709 1175 Calyx
787 1092 921 1153 aut
991 1078 1075 1151 in
1155 1075 1666 1176 explicatione
1729 1074 1953 1151 floris
2021 1074 2331 1165 decidit,

276 1226 337 1274 c.
390 1197 747 1278 caducus,
802 1206 938 1267 aut
989 1216 1171 1266 cum
1226 1189 1523 1265 corolla
1577 1190 2159 1277 staminibusve,
2209 1193 2330 1266 de-

275 1311 565 1388 ciduus.
687 1310 861 1382 Hoc
934 1307 1020 1380 in
1070 1304 1544 1406 polyphyllis
1604 1318 1914 1379 tantum
1980 1303 2332 1380 accidere

281 1423 486 1499 solet
536 1434 611 1495 et
657 1420 917 1520 phylla
971 1444 1285 1520 semper
1331 1434 1599 1516 vegeta
1654 1419 2050 1494 decidunt.
2400 1414 2412 1429 “

477 1533 818 1620 Decidit,
886 1559 1373 1663 quamquam
1444 1534 1658 1609 nulla
1723 1534 1820 1608 sit
1888 1532 2332 1608 differentia

279 1650 488 1750 inter
538 1646 848 1722 cellulas
897 1661 1061 1724 tam
1113 1648 1562 1736 exterioreS,
1616 1671 1860 1747 quam
1920 1646 2333 1781 interiores

278 1777 475 1838 teste
523 1762 929 1861 Raphano.
990 1808 993 1811 >
1796 1789 1800 1793 ·

470 1879 563 1952 In
619 1875 1008 1971 calycibus
1056 1877 1600 1978 monophyllis
1651 1874 2063 1973 singularis
2099 1897 2329 1974 saepe

273 1990 943 2089 metamorphosis
1007 1989 1277 2067 locum
1340 1993 1595 2067 habet.
1721 1995 1907 2065 Pars
1969 1987 2334 2088 superior
2447 2038 2454 2045 -

277 2106 813 2180 circumscissa
881 2103 1202 2193 decidit,
1266 2106 1601 2182 inferior
1662 2103 2035 2205 persistit;
2109 2098 2333 2198 cujus

274 2219 390 2294 rei
442 2217 794 2316 exempla
844 2210 1225 2317 praebent
1271 2224 1601 2307 Datura,
1657 2218 2186 2316 Calycotome.

468 2333 953 2433 Plerumque
1023 2334 1231 2432 calyx
1279 2334 1688 2412 marcescit
1739 2346 1814 2409 et
1862 2331 1971 2408 sic
2034 2330 2332 2406 fatiscit.

178 2517 185 2520 ,
277 2446 692 2525 Interdum
765 2463 1094 2544 augetur
1156 2465 1231 2525 et
1310 2449 1632 2526 inflatus
1706 2447 1799 2523 fit
1872 2445 2335 2544 (Physalis),

284 2573 615 2656 augetur
675 2575 751 2634 et
797 2562 1221 2638 reflectitur
1270 2563 1635 2661 (Trifolia
1691 2561 2148 2664 quaedam),
2201 2572 2337 2634 aut

282 2672 677 2776 quaedam
742 2693 1135 2773 segmenta
1200 2692 1512 2752 tantum
1581 2688 2034 2751 excrescunt
2084 2673 2332 2770 (Atri-

244 2775 542 2889 ¹plex),
595 2802 729 2862 aut
776 2789 1139 2866 baccatus
1188 2790 1281 2868 fit
1331 2788 1766 2888 (Basella).·

132 2921 135 2924 ’
333 2905 337 2910 ’
470 2905 566 2978 In
614 2905 1191 2982 mutationibus
1227 2904 1503 3001 calycis
1539 2901 2075 3003 perianthium
2110 2924 2331 3001 prae-

280 3016 546 3092 sertim
635 3017 731 3091 ab
824 3017 1258 3119 hypanthio
1345 3018 1581 3117 (156)
1681 3014 2333 3113 distinguendum

283 3144 416 3206 est.
512 3135 599 3205 In
653 3134 865 3207 Rosa
913 3134 1438 3235 hypanthium
1487 3133 1896 3208 baccatum
1959 3128 2078 3217 fit,
2132 3128 2333 3204 dum

277 3245 818 3346 perianthium
868 3249 1291 3324 marcescit.

368 3429 371 3430 f
474 3358 647 3434 Basi
682 3359 1021 3437 subinde
1058 3363 1304 3439 calcar
1339 3361 1613 3438 exserit
1638 3376 1730 3437 ut
1761 3360 1846 3435 in
1873 3356 2329 3461 Tropaeolo

184 3529 199 3534 -
281 3470 633 3572 aliisque.

480 3586 910 3708 Singularis
979 3603 1093 3664 est
1152 3587 1410 3664 forma
1478 3587 1887 3688 hypanthii
1958 3585 2335 3684 elongata,

280 3700 654 3775 cuniculo
706 3665 1089 3801 praedita,
1140 3717 1231 3777 ut
1278 3703 1365 3776 in
1412 3702 1897 3800 Pelargoniis
1950 3701 2201 3799 (Roth
2248 3699 2333 3772 in

279 3813 539 3890 Usteri
615 3820 907 3913 Magaz.
987 3815 1057 3891 d.
1106 3819 1377 3892 Botan.
1435 3820 1537 3891 St.
1587 3819 1654 3891 2.
1729 3844 1814 3916 p.
1851 3813 2035 3908 31.).
2145 3817 2336 3889 Esse

282 3927 532 4003 calcar
612 3929 826 4007 intus
902 3945 1353 4032 susceptum
1401 3930 1685 4007 Mirbel
1737 3928 2026 4026 (Elem.
2079 3931 2168 4002 T.
2217 3929 2334 4004 32

280 4038 331 4115 f.
385 4041 521 4138 6.).
656 4083 659 4090 ·
1199 4102 1215 4117 .
1260 4087 1264 4091 Δ
1479 4097 1487 4105 -
1765 4075 1781 4120 t

1651 4159 1748 4239 18
