2843 4800
1041 333 1616 430 rRUCTUs.
2069 367 2078 378 ,
2206 321 2374 432 349·
2429 314 2434 319 ’
2492 373 2502 381 -

309 564 468 643 qua
531 549 750 640 parte
788 535 1107 612 *inferne
1154 532 1373 610 radix
1412 535 1606 623 exit,
1668 532 2052 609 fasciculis
2080 533 2354 631 ligno-

306 657 412 732 sis
479 650 1083 729 confluentibus.
1133 650 1218 723 in
1278 648 1585 736 medio,
1648 651 1936 725 cortice
1987 673 2030 724 e
2077 650 2355 746 vagina

305 771 394 844 in
443 766 788 843 radicem
843 765 1324 840 continuato.
1444 767 1801 864 Superne
1848 764 1989 840 ubi
2040 788 2354 863 gemma

308 883 467 960 exit
510 866 892 982 utrinque
941 877 1148 953 duae
1197 876 1665 978 appendices
1715 890 1933 965 sunt,
2005 891 2097 954 ut
2157 877 2358 955 solet

308 998 396 1072 in
444 995 739 1093 vaginis
788 990 1176 1093 petiolum
1233 992 1788 1069 emittentibus.
1902 989 2356 1089 Peremhryi
2477 1008 2482 1014 ’

311 1135 492 1212 pars
540 1108 906 1208 superior
952 1131 1138 1182 cum
1188 1105 1592 1181 albumine
1638 1106 1960 1181 seminis
2011 1129 2357 1181 connexa

315 1223 817 1300 canaliculata
892 1233 1037 1308 est,
1123 1220 1335 1296 intus
1419 1245 1463 1296 e
1545 1218 1933 1297 fasciculis
2013 1221 2358 1320 lignosis‚

316 1338 712 1415 ambiente
770 1333 1410 1436 parenchymate,
1500 1334 1957 1436 composita.
2095 1338 2358 1411 Extre-

314 1453 548 1528 mitas
649 1474 961 1526 summa
1049 1448 1249 1524 intra
1332 1471 1604 1523 semen
1687 1472 1872 1524 cum
1956 1446 2360 1527 albumine

317 1565 717 1642 mediante
802 1587 1057 1639 massa
1147 1562 1844 1664 parenchymatosa
1935 1563 2359 1662 spongiosa

322 1702 670 1754 connexa
720 1691 861 1765 est,
911 1700 1116 1779 quae
1164 1701 1350 1752 eum
1400 1676 1835 1774 embryone
1880 1690 2361 1752 excrescente

320 1790 655 1868 demum
712 1790 1054 1868 accrevit.
1105 1794 1440 1867 Gemma
1487 1790 1727 1865 habet
1771 1790 2129 1887 vaginam
2177 1817 2362 1892 pro·

317 1905 610 2006 priam,
679 1918 855 1981 tum
911 1903 1204 1981 folium
1274 1905 1634 2001 vaginato
1696 1903 2363 2006 conduplicatum‚

321 2019 628 2097 interne
662 2043 989 2121 quoque
1023 2018 1167 2093 alia
1216 2016 1408 2094 folia
1456 2016 1776 2109 inclusa,
1805 2020 1923 2094 uti
1971 2016 2339 2120 reliquae.

409 2178 416 2184 -
510 2138 624 2210 Ex
684 2133 810 2209 his
858 2131 1038 2209 satis
1087 2157 1483 2234 superque
1547 2145 1789 2234 patet,
1836 2147 2142 2235 partem
2189 2157 2365 2234 per-

322 2248 623 2345 embryi
696 2246 1188 2347 superiorem
1262 2271 1428 2352 esse
1509 2246 1931 2348 petiolum,
2012 2247 2363 2328 mediam

319 2386 510 2441 vero
622 2360 979 2458 vaginam
1090 2360 1394 2462 petioli,
1522 2360 1886 2437 infimam
1996 2362 2363 2439 radicem.

324 2476 719 2551 Albumen
781 2473 1057 2577 petioli
1125 2472 1414 2550 folium
1490 2489 1607 2551 est
1691 2500 1859 2551 non
1936 2479 2364 2554 evolutum.

320 2587 531 2673 *Hinc
604 2587 997 2663 concludo
1059 2588 1144 2693 in
1208 2589 1585 2663 omnibus
1643 2589 1927 2688 plantis
1993 2604 2069 2666 et
2129 2591 2365 2667 Dico-

316 2701 764 2800 .tyled0neis
825 2702 1361 2799 integumenta
1421 2700 1742 2776 seminis
1805 2704 2126 2803 propria
2201 2728 2367 2780 esse

322 2814 518 2893 ,folia
581 2815 682 2894 ad
742 2815 1172 2919 pericarpia
1231 2812 1678 2903 referenda,
1744 2814 2117 2891 albumen
2174 2842 2364 2907 vero

328 2955 474 3006 seu
517 2930 1126 3033 perispermium
1176 2952 1344 3005 esse
1390 2927 1685 3004 folium
1733 2928 2366 3028 cotyledoneum,

329 3044 629 3144 petiole
678 3045 1020 3121 minimo
1072 3057 1152 3120 et
1198 3044 1353 3119 cito
1389 3058 1891 3120 evanescente
1931 3058 2066 3120 aut
2096 3045 2361 3120 soluto

332 3158 803 3235 instructum
818 3218 838 3247 ,
888 3158 1028 3260 qui
1076 3158 1243 3236 basi
1292 3180 1556 3256 gemm
1565 3181 1694 3233 am
1743 3158 2206 3256 embryonis
2245 3173 2367 3234 tu-

332 3269 768 3355 rionemve„
806 3274 1099 3349 exserit.
1203 3272 1506 3350 Mirum
1569 3286 1800 3360 esset,
1862 3273 1926 3349 si
1985 3273 2370 3376 perisper-

332 3384 630 3471 mium,
697 3384 918 3485 quod
983 3387 1209 3463 initio
1269 3388 1926 3484 integumentum·
1970 3387 2197 3475 sistit,
2246 3385 2369 3479 fo-

333 3498 672 3574 liaceum
719 3522 888 3572 non
936 3497 1172 3586 foret,
1224 3524 1408 3575 cum
1456 3499 1989 3597 integumenta
2045 3501 2371 3601 propria

338 3612 658 3688 seminis
733 3613 888 3688 sint
960 3613 1215 3711 (186).
1346 3614 1664 3691 Folium
1725 3629 1838 3690 est
1897 3613 2370 3702 fistulosum,
2427 3610 2438 3615 ’

341 3727 566 3829 quod
636 3724 861 3804 facile
931 3727 1533 3829 parenchymate
1565 3774 1570 3777 -
1604 3730 1947 3831 repletur
2028 3743 2104 3806 et
2184 3751 2371 3803 con-

337 3844 627 3919 crescit.

528 3957 958 4058 Pleraeque
1028 3954 1874 4053 Monocotyledoneae‚
1939 3981 2140 4033 cum
2202 3980 2371 4055 ger-

340 4071 675 4161 minant,
740 4070 965 4149 facile
1028 4084 1584 4173 comparantur
1644 4093 1832 4149 cum
1886 4068 2175 4149 Palmis
2222 4095 2369 4147 nec
