2843 4800
571 334 716 432 142.
1358 331 1804 450 omns:

516 629 519 632 Δ
563 533 727 621 bet,
807 517 1176 628 lateribus
1188 545 1360 618 xant
1402 531 1637 633 plane
1700 532 1953 609 curvis
2019 534 2159 633 qui
2217 557 2400 612 vere
2460 557 2600 611 an··

564 672 777 748 ceps,
839 659 973 722 aut
1034 646 1443 743 angulatiS‚
1510 649 1810 746 angulis
1857 672 2045 724 vero
2097 648 2363 725 minus
2408 670 2603 752 proa-

562 761 1078 848 minentibuS‚
1125 762 1266 861 qui
1293 762 1580 861 spurie
1629 787 1929 864 anceps,

754 879 1202 950 Numerum
1284 875 1762 971 angulorum
1842 875 2189 952 eundem
2271 899 2442 954 esse
2505 902 2600 953 ac

562 986 1123 1064 fasciculorum
1201 986 1651 1083 ligneorum
1724 986 1826 1063 ad
1908 989 2099 1066 folia
2186 1006 2598 1066 transeun-

565 1103 768 1177 tium
822 1104 1025 1176 Nees
1068 1100 1166 1174 ab
1204 1102 1610 1177 Esenbeck
1639 1103 1845 1178 bene
1885 1103 2247 1179 adfirmat
2295 1104 2600 1202 (Hand-

561 1216 778 1292 buch
830 1213 902 1288 d.
960 1216 1131 1289 Bot.
1184 1219 1248 1289 1.
1311 1242 1385 1315 Ρ.
1449 1216 1666 1312 286.)
1736 1214 2085 1318 ideoque
2163 1239 2600 1294 numerum

473 1327 478 1332 ’
565 1326 1230 1435 primordialem
1234 1326 1490 1406 caulis
1551 1333 1828 1434 quetrz’
1906 1355 2069 1406 esse
2144 1334 2598 1421 ternarium,

565 1444 806 1520 caulis
892 1444 1114 1543 goni-⁶³*
1165 1437 1793 1544 quaternarium,
1886 1443 2126 1529 caulis
2205 1448 2595 1546 angularis

565 1558 1039 1659 quinarium.

767 1671 1029 1748 Caulis
1117 1693 1573 1773 compressus
1651 1669 1778 1758 fit,
1883 1669 2267 1749 diametro
2350 1672 2593 1748 altero

565 1784 1029 1885 (conjugata
1113 1786 1390 1878 altera)
1456 1785 1691 1858 nimis
1752 1799 1979 1861 aucto
2048 1788 2307 1885 (Cacti
2352 1787 2594 1885 varii)

563 1904 980 2001 depr-essm,
1033 1919 1171 1999 qul
1217 1899 1522 1973 inverse
1572 1897 1892 1975 conicus
1944 1915 2057 1976 est
2102 1913 2238 1975 aut
2277 1902 2595 2000 subglo-

562 2016 810 2089 bosus
858 2025 1259 2099 truncatus
1310 2012 2061 2110 (Mammillariae).

746 2125 1040 2222 Anguli
1104 2124 1341 2225 caulis
1357 2126 1874 2227 plerumque
1934 2152 1977 2203 e
2040 2129 2229 2227 ligni
2293 2081 2594 2230 promi-

562 2240 851 2315 nentiis
935 2239 1348 2325 oriuntur,
1407 2240 1669 2336 ang-uli
1732 2242 1894 2316 veri
1947 2242 2290 2330 dicendi,
2366 2256 2498 2319 aut
2547 2267 2594 2318 e
2657 2291 2660 2294 >

469 2429 475 2435 ,
565 2351 1182 2454 superficialibus
1228 2351 1612 2429 fasciculis
1660 2351 1992 2444 fibrosiS,
2045 2342 2306 2454 anguli
2346 2358 2591 2460 spurii

566 2468 1085 2565 (Casuarinae
1144 2467 1412 2564 rami).
1530 2472 1732 2545 Sunt
1793 2483 2085 2558 tamen,
2151 2471 2288 2570 qui
2351 2494 2593 2568 angu-

562 2581 686 2656 los
748 2581 1043 2656 habent
1104 2581 1326 2677 ligni,
1393 2605 1538 2656 nec
1587 2583 1926 2670 corticiS,
1979 2584 2201 2685 quod
2248 2609 2595 2685 praeser-
2643 2678 2646 2681 Ἴ

560 2694 710 2768 tim
759 2694 843 2767 in
892 2694 1378 2782 succulentis,
1425 2719 1570 2772 nec
1603 2721 1771 2773 non
1802 2698 1887 2772 in
1921 2696 2337 2773 arboribus
2370 2696 2593 2777 adul-

560 2807 660 2882 tis
711 2807 1004 2882 accidit.
1128 2835 1133 2841 ·
2060 2832 2066 2839 ·

756 2921 1017 2998 Caulis
1066 2921 1324 3021 anguli
1379 2924 1675 3022 (acies)
1736 2939 1869 3000 aut
1913 2924 1997 2997 in
2044 2922 2409 2999 medium
2455 2947 2596 3024 pe-·

560 3034 732 3112 tioli
782 3037 1160 3137 nervique
1206 3038 1556 3138 primarii
1606 3050 2008 3112 transeunt
2056 3035 2589 3139 (caulis·.5yne-

561 3150 789 3246 drus)
820 3188 821 3191 ¹
853 3164 988 3227 aut
1046 3150 1131 3225 in
1190 3149 1425 3226 latera
1493 3147 1607 3249 (c.
1674 3148 2146 3252 cathedras).
2241 3150 2451 3227 Illud
2499 3150 2585 3225 in

559 3264 1008 3350 Rubiaceis,
1055 3262 1344 3340 hocin
1391 3263 1727 3337 Labiatis
1773 3262 2043 3338 locum
2091 3264 2345 3341 habet.

562 3460 703 3551 99.
827 3462 1393 3576 Superficzes
1420 3460 1772 3549 caulis
1815 3475 1985 3550 aut
2070 3469 2352 3552 laevis
2419 3477 2587 3566 est,

684 3611 854 3686 aut
874 3602 1360 3756 οῖαεοιςαία,
1413 3612 1584 3686 aut
1620 3605 1954 3719 glabra,
2011 3603 2368 3720 quibus
2415 3632 2586 3721 op-

681 3736 1112 3855 positae,
1220 3743 1572 3840 stt-tata,
1684 3739 2007 3828 scabra
2112 3756 2209 3830 et
2270 3746 2585 3860 pilosa.

684 3873 1196 3966 Glandulis
1259 3876 1702 3968 cutaneis
1762 3877 2119 4037 gaudet
2181 3909 2414 3970 cum
2452 3880 2584 3969 vi-

677 4015 999 4105 rescit.
