2843 4800
960 329 1530 405 SYS-TEMAE.
2127 330 2272 404 448

409 534 762 613 Nomen:
798 488 1295 629 specificam.
1322 496 1917 609 substantivum⁸
1966 540 2082 605 est
2142 554 2279 631 ap-

201 630 547 749 positio,
611 643 803 728 hino
865 649 1084 724 litera
1146 642 1426 721 initiali
1491 640 1934 741 majuscula·
1987 644 2276 723 scriba—

204 777 380 850 tur,
439 784 537 839 e.-
530 782 623 866 -zg
668 761 1058 841 veronica
1106 756 1564 861 Teucriam.

420 877 771 973 Omnia,·
816 900 1018 1007 quae
1082 875 1166 950 in
1224 873 1491 975 specie
1543 856 2090 969 observantur,
2135 886 2281 953 aut

211 996 321 1073 de
388 996 570 1097 ipsa
631 990 1125 1096 pronuntiari
1194 1000 1566 1089 possunt,
1615 987 2018 1079 adhibere
2098 988 2280 1068 licet

216 1111 322 1187 ad
377 1134 684 1186 nomen
735 1103 1196 1207 specificum
1230 1101 1420 1178 inde
1454 1072 1994 1180 formandum.
2087 1105 2278 1181 Non

215 1224 470 1302 refert
514 1223 1001 1325 plures.esse
1050 1213 1749 1318 species'ejusdem
1800 1218 2107 1316 generis
2159 1243 2281 1294 ea-

222 1339 420 1415 dem
489 1351 680 1413 nota
744 1333 1181 1432 insignium,
1226 1357 1470 1437 ..ιι3ιιιι
1523 1329 1994 1409 difficillime
2068 1334 2284 1410 inve-

220 1455 402 1529 nies
478 1464 795 1527 nomena
838 1474 931 1524 ze·
973 1446 1688 1549 nom.desumtum
1747 1447 1938 1525 huic
1997 1449 2282 1550 speciei

223 1581 559 1644 tantum
582 1561 990 1696 peculiari.
1086 1566 1433 1636 Praestat.
1477 1575 1741 1637 tamen
1793 1587 1858 1638 e
1888 1578 2076 1641 nota
2126 1563 2288 1639 for-

226 1695 549 1789 matum
606 1678 817 1779 ipsi
814 1689 1152 1752 tantum
1228 1688 1364 1753 aut
1441 1675 1933 1775 paucissimis
2007 1702 2290 1753 couve—

230 1793 512 1870 nienti.
613 1791 1033 1893 Optimum
1084 1812 1421 1876 nomen,
1472 1790 1700 1865 novis
1751 1788 2072 1867 detectis
2121 1816 2293 1892 spe-

226 1910 549 2009 ciebuS‚
613 1902 839 2007 pejus
900 1902 1071 1979 fieri
1134 1918 1426 2005 potest.
1476 1916 1668 1979 tunc
1718 1930 1904 1982 vero
1956 1906 2294 1981 minime

229 2021 653 2121 rejiciatur.
770 2018 853 2094 Si
902 2017 1357 2094 nomen-de
1408 2018 1679 2095 colore
1731 2032 1808 2094 et
1853 2019 2114 2097 odore
2165 2032 2296 2096 c‘o-

229 2138 492 2214 rollae
554 2133 876 2220 dicitur,
940 2157 1121 2232 pars
1182 2157 1334 2235 pro
1395 2145 1569 2208 toto
1620 2133 1948 2231 intelligi
2019 2148 2298 2236 potest,
2374 2156 2379 2161 ·

236 2252 429 2328 alias
480 2249 835 2357 minime.
932 2246 1382 2324 Androsace
1432 2247 1772 2326 maxima
1824 2250 1931 2325 ob
1990 2249 2302 2327 involu-

236 2390 478 2444 crum
531 2351 966 2440 maximum
1015 2362 1225 2438 male
1274 2361 1581 2440 dicitur.

263 2502 268 2508 ·
442 2479 791 2554 Nomina
860 2503 903 2553 a
970 2476 1145 2552 solo
1214 2449 1450 2550 natali
1518 2490 1597 2551 et
1641 2479 1885 2580 patria
1938 2421 2302 2556 desumta

218 2589 467 2672 *bona
530 2606 747 2679 sunt,
812 2590 1189 2693 quamvis
1234 2588 1533 2689 species
1596 2589 1680 2663 in
1743 2591 1910 2667 aliis
1973 2619 2304 2696 quoque

246 2720 550 2786 crescat
596 2706 1091 2805 regionibus,
1144 2718 1220 2779 et
1267 2702 1535 2803 plures
1586 2704 1881 2801 species
1949 2704 2306 2802 ejusdem

246 2821 577 2922 generis.
629 2820 717 2900 in
784 2819 1063 2897 eadem
1132 2830 1481 2894 crescant
1539 2815 1887 2911 regione.
1987 2819 2115 2894 Sic
2164 2820 2307 2898 Iris

248 2937 614 3016 sibiricae
662 2957 966 3014 nomen
1015 2957 1180 3008 non
1232 2928 1734 3007 mutandum.
2139 2993 2142 2996 .
2197 2991 2202 3000 .

451 3049 801 3130 Nomina
853 3048 1368 3149 antiquorum
1408 3044 1997 3132 Bolanicorum,
2034 3073 2310 3149 quam·-

256 3161 407 3236 vis·
466 3163 941 3239 substantiva
1009 3162 1195 3250 sint,
1275 3161 1482 3236 bene
1554 3158 2027 3251 retinentur,
2112 3187 2180 3244 e.
2245 3188 2312 3263 g.
2401 3153 2407 3161 ¹

257 3275 657 3355 Veronica
710 3277 1161 3354 Teucriam.
2173 3339 2178 3344 .

460 3389 808 3465 Nomina
881 3390 1283 3489 indigena,
1376 3389 1735 3490 quamvis
1816 3390 2317 3482 substanti-va,

262 3527 440 3580 non
507 3502 746 3590 mala,
815 3528 876 3579 e.
942 3529 1008 3602 g.
1069 3504 1466 3601 Magnolia
1515 3508 1729 3579 Loco
1792 3518 1869 3581 et
1921 3506 2318 3604 Magnolia

265 3619 489 3715 rigo.
591 3618 766 3694 Sint
811 3631 1076 3694 tamen
1125 3617 1349 3694 facile
1398 3618 2012 3717 pronuntianda,
2065 3635 2140 3696 et
2185 3621 2323 3696 Hi-

271 3756 713 3834 spanorum
765 3732 1019 3808 modo
1072 3733 2158 3833 conscripta..

362 3895 369 3904 ·
450 3846 818 3926 Nomina
905 3872 945 3921 a
1029 3846 1552 3924 similitudine
1628 3845 2068 3936 ἀεειιιιιιει,
2083 3846 2332 3926 inter

193 3961 198 3966 ’
276 3959 611 4038 meliora
650 3973 1112 4044 censentur.
1229 3960 1732 4041 Similitudo
1727 3988 1937 4040 vero
1992 3987 2183 4040 ιιοιι
2203 3964 2327 4040 ni-

278 4073 434 4149 mis
481 4075 745 4174 longe.
770 4077 869 4154 sit
917 4075 1299 4154 arcessita.-
