2843 4800
1055 295 1463 397 foma.
2170 299 2310 393 175

244 535 452 598 num
506 544 674 597 sese
727 520 1103 621 explicare
1152 520 1569 597 nituntur.·
1601 521 1821 597 2Noes
1882 516 1983 595 ab
2029 518 2309 595 Esenb.
2366 543 2372 551 ·

247 635 562 713 Handb.
618 637 691 710 d.
743 637 1024 712 Botan.
1080 640 1144 710 l.
1192 664 1266 737 p.
1306 638 1481 711 491.
2294 665 2298 670 ·

444 749 867 825 Foliorum
952 752 1475 826 characterem
1559 748 2005 845 generalem
2089 745 2311 822 suffi-

256 866 596 937 cientem
666 865 830 937 ‹lmi
898 889 1062 937 non
1126 889 1391 963 posse,
1487 863 1689 937 hene
1767 863 2313 939 animadvettit

262 979 708 1053 W‘llbrand
754 979 1060 1053 Handb.
1116 983 1184 1053 d.
1242 981 1519 1053 Botan.
1579 983 1639 1051 1.
1685 1009 1757 1079 l)-
1813 983 1925 1053 40.

456 1093 620 1167 Sub
720 1093 1000 1193 quovis
1086 1119 1311 1165 ramo
1401 1109 1849 1189 emergente
1933 1119 2075 1167 seu
2159 1093 2309 1165 sub

260 1209 532 1307 quavis
616 1229 928 1303 gemma
996 1233 1172 1305 pars
1242 1231 1282 1281 e
1353 1207 1571 1281 caule
1641 1209 1821 1293 exit,
1893 1231 2135 1307 quam
2189 1203 2309 1279 fo—

256 1321 458 1395 lium
526 1321 752 1395 dicas,
866 1321 1389 1419 Excipiendae
1473 1321 1843 1395 videntur
1917 1319 2311 1419 quaedam

264 1437 730 1509 Solanaceae
784 1449 916 1509 aut
963 1437 1501 1531 Borragineae.
1603 1439 1701 1509 At
1748 1435 1831 1507 in
1883 1435 2005 1507 his
2043 1459 2311 1509 ramus

264 1549 590 1623 lateralis
654 1563 798 1633 est,
884 1549 1172 1623 eodem
1224 1549 1513 1635 modu,
1599 1575 1761 1649 quo
1815 1551 1899 1621 in
1947 1547 2309 1622 inflores-

266 1665 510 1739 centia
564 1663 664 1737 de
716 1689 872 1763 qua
924 1691 986 1735 v,
1044 1669 1200 1737 150.
1317 1667 1435 1737 De
1485 1665 1723 1737 ramis
1761 1665 2055 1761 absque
2106 1661 2307 1737 solio

270 1805 326 1851 v.
374 1783 490 1853 89.

454 1893 784 1967 Minime
860 1915 1046 1965 vero
1116 1893 1280 1965 vice
1347 1915 1565 1965 versa
1633 1893 1903 1965 omnia
1953 1891 2141 1967 folia
2193 1919 2311 1967 ra-

264 2032 440 2081 mos
492 2005 850 2079 fulciunt.
950 2011 1098 2079 Est·
1136 2007 1393 2104 planta
1449 2007 1871 2108 artav'plzylla,
1937 2007 1999 2081 si
2039 2009 2311 2083 omnia

264 2120 450 2194 folia
502 2144 852 2216 gemmas
904 2146 1264 2194 ramosve
1301 2122 1657 2204 fulciunt,
1695 2136 1807 2194 est
1831 2124 2307 2224 pleiophylla,

264 2236 326 2308 si
400 2234 650 2308 multa
726 2234 914 2308 folia
992 2262 1256 2310 ramos
1335 2260 1497 2308 non
1563 2234 1917 2310 fulciunt.
2033 2242 2121 2312 In
2191 2238 2311 2312 his

264 2348 450 2424 solia
500 2350 814 2422 minora
870 2374 1034 2422 esse
1084 2350 1359 2422 solent.

454 2460 910 2536 Differentia
962 2464 1427 2560 paginarum
1481 2466 1781 2562 probat,
1835 2464 1999 2538 duo
2055 2466 2312 2564 plura-

264 2600 424 2674 que
496 2574 686 2650 folia
758 2602 1004 2650 unam
1078 2592 1383 2676 partem
1463 2580 1935 2653 constituere
2003 2583 2309 2656 caulem

264 2692 728 2786 cingentem.

268 2958 466 3048 106.
596 2956 992 3046 Folium
1062 2972 1457 3046 constat
1525 2990 1575 3046 e
1643 2968 1925 3046 nervis
1995 2974 2089 3048 et
2132 2966 2309 3048 (lsa-

390 3102 814 3214 chymale,
890 3128 1202 3186 nervo
1294 3100 1779 3214 primario
1859 3100 1967 3186 in
2043 3108 2309 3216 petz'o-
2380 3104 2384 3108 ’

386 3242 560 3324 lum
632 3266 928 3352 saepe
1008 3238 1633 3336 continuato,
1709 3242 1961 3326 cauli
2037 3240 2309 3326 inna-

386 3388 649 3481 tum:
752 3383 1069 3496 vagina
1159 3375 1676 3467 interdum
1781 3380 1966 3468 sub
2015 3400 2031 3436 ³
2064 3379 2308 3470 solio

382 3515 709 3631 posita
774 3502 1028 3627 cauli
1074 3513 1479 3607 adnata.
1755 3540 1760 3544 ’

452 3720 686 3795 Nervi
784 3722 1267 3798 vocabulum
1353 3724 1889 3822 incongruum
1970 3724 2312 3826 quidem

259 3845 392 3918 est,
462 3847 649 3908 cum
712 3837 929 3911 nervi
996 3835 1384 3913 foliorum
1448 3863 1488 3913 a
1536 3841 1798 3914 'nervis
1850 3828 2311 3944 animaiium

254 3947 599 4023 maxime
674 3949 1075 4042 differant,
1160 3965 1235 4027 at
1293 3953 1533 4029 *nolui
1604 3968 1924 4030 mutare
2006 3974 2307 4028 nomen

255 4058 356 4134 ab
411 4062 789 4139 omnibus
832 4080 1269 4167 receptum:
