2843 4800
1100 333 1546 409 GEMMA=
1844 294 1850 301 ’
2194 331 2342 409 217

296 542 495 642 quas
541 532 1011 617 adventitias·
1062 546 1288 610 vocat
1350 532 1717 609 Thouars
1793 527 2094 627 (Essais
2118 531 2342 627 DL),

297 668 433 730 aut
478 642 826 727 humore
879 658 1014 721 aut
1058 646 1312 722 humo
1368 644 1727 729 admotis,
1774 658 1909 722 aut
1937 644 2342 733 incisione,

292 767 689 864 ligamra,·.
722 759 1272 860 similibusque
1335 758 1603 835 modis
1668 756 1981 834 elicitae.
2124 754 2340 835 Faci-

240 928 243 931 ‡
294 880 453 957 lius
514 881 602 954 in
661 876 949 979 plantis
999 872 1425 974 artiphyllis
1490 874 1679 970 (105
1694 870 1747 967 )‚
1808 871 2209 950 difficilius
2256 873 2342 949 in

295 986 1371 1095 pleiophyllis,1difficillime
1431 986 1518 1061 in
1580 985 1674 1061 iis
1737 1010 1939 1086 quae
2015 986 2342 1083 innova÷

295 1108 599 1183 tiones·
656 1105 1032 1181 emittunt
1144 1114 1279 1176 aut
1376 1097 1794 1200 proliferae
1871 1113 2057 1176 sunt
2130 1100 2339 1198 (89).

293 1218 685 1297 Naturalis
757 1218 976 1293 enim
1055 1227 1170 1290 est
1250 1213 1467 1288 nisus
1547 1211 1632 1285 in
1726 1212 2340 1314 productionem

295 1354 795 1430 gemmarum
860 1344 937 1406 et
1007 1349 1418 1404 ramorum
1485 1325 1733 1423 magis
1797 1327 2159 1415 minusve
2207 1354 2337 1407 co-

299 1470 631 1546 piosam.

302 1696 469 1786 131
507 1730 589 1785 α.
711 1698 1041 1785 Bulbus
1125 1705 1273 1782 est
1361 1719 1748 1815 gemma
1811 1693 1921 1782 in
1979 1696 2338 1813 planta,

418 1832 596 1953 ubi
661 1836 1137 1935 exoritur,
1197 1861 1417 1921 non
1483 1831 2089 1949 explicanda,
2159 1836 2338 1927 sed

414 1973 524 2062 in
583 1987 861 2065 terra
891 2044 912 2076 ‚
974 1971 1367 2064 radices
1434 1969 1843 2086 agendo,

474 2141 695 2220 ‘Sunt
752 2134 980 2219 hfflbi
1040 2167 1085 2218 a
1148 2141 1482 2241 gemmis
1529 2138 1789 2216 forma
1836 2167 2006 2219 non
2056 2145 2341 2222 discre-

295 2250 604 2357 pantes,
653 2257 738 2331 in
786 2257 1050 2359 planta
1098 2274 1265 2333 non
1318 2255 1781 2356 explicandi,
1844 2257 1983 2334 sed
2030 2273 2337 2335 tantum

292 2383 675 2471 pereunte
738 2369 958 2448 caule
1020 2370 1106 2446 in
1170 2385 1462 2447 terram
1513 2369 1827 2472 delapsi.
1924 2377 2093 2449 Hos
2138 2404 2338 2475 gem-

299 2512 471 2559 mas
519 2486 869 2561 deciduas
921 2484 1150 2562 dicas.
1260 2485 1734 2586 Exemplum
1783 2488 2103 2587 praebet
2151 2494 2338 2566 Tre-

298 2596 565 2672 virana
614 2593 1019 2697 pulchella.
1084 2613 1087 2616 ’
1479 2596 1526 2602 ”

499 2712 710 2787 Cum
781 2710 903 2786 his
981 2711 1206 2787 valde
1273 2712 1755 2789 conveniunt
1824 2736 2183 2811 gemmae
2248 2718 2337 2792 in

298 2823 540 2899 axillis
587 2823 970 2901 foliorum
998 2828 1488 2925 (Dentariae,
1535 2827 1712 2904 Lilii
1760 2827 2127 2903 bulbiieri
2165 2832 2337 2929 ete.)

296 2939 565 3035 rarius,
596 2939 1201 3040 in·pedunculis
1253 2941 1676 3040 (Alliorum
1727 2942 2163 3040 variorum)
2216 2970 2337 3020 ex-

300 3046 549 3139 ortae,
607 3052 872 3129 bulbis
914 3056 1195 3131 stricte
1260 3055 1369 3129 sic
1449 3054 1675 3131 dictis
1756 3055 2173 3133 similiores
2237 3082 2334 3135 eo

299 3164 526 3267 quod
596 3180 988 3266 tegmenta
1019 3211 1024 3218 ·
1050 3184 1147 3246 et·
1209 3168 1658 3245 rudimenta
1730 3166 2117 3245 foliorum
2199 3172 2336 3248 ha-

296 3281 538 3355 beant
611 3281 982 3358 crassiora
1060 3298 1139 3360 et
1207 3285 1676 3361 succulenta.
1782 3284 2161 3362 Bulbz‘llos
2220 3287 2336 3364 di-

297 3394 576 3469 xerim.'
1238 3389 1253 3398 ”
1370 3389 1375 3398 ’

336 3585 340 3589 .
491 3508 737 3584 Bulbi
786 3509 1029 3586 stricte
1086 3512 1196 3586 sic
1257 3514 1443 3587 dicti
1483 3537 1526 3587 a
1575 3510 1907 3609 gemmis
1957 3537 2337 3618 compage

301 3645 457 3695 sua·
492 3619 890 3698 differunt.
1006 3629 1436 3721 Tegmenta
1503 3639 1580 3700 et
1626 3625 1847 3714 folia,
1899 3627 2167 3704 saltem
2218 3627 2337 3727 ju-

300 3735 527 3811 niore
562 3780 569 3784 ·
602 3748 845 3811 aetate
916 3738 1137 3812 basin
1211 3736 1854 3829 valdecrassam‚
1907 3766 2333 3831 carnosam‚

302 3849 863 3937 succulentam‚
924 3850 1406 3926 autsolidam
1455 3853 1749 3929 habent
1795 3854 2054 3950 amylo
2100 3854 2334 3931 refer-

302 3975 483 4036 tam.
598 3967 806 4038 Haec
868 3979 1258 4063 tegmenta
1325 3981 1401 4041 et
1459 3965 1648 4043 folia
1711 3968 1875 4041 basi
1925 3967 2333 4048 incrassata

299 4097 468 4151 sese
538 4075 835 4153 hahent
896 4080 1009 4154 uti
1073 4079 1238 4181 ipsa
1301 4079 1512 4156 folia.
1613 4082 1695 4158 Si
1742 4079 1931 4156 folia
1980 4080 2332 4162 fistulosa
