2843 4800
908 334 1667 415 STRUCTURA.
2223 343 2324 417 8⁹

254 533 762 640 paradisiaca,
827 535 1107 612 Canna
1165 530 1462 622 indica,
1544 538 1709 613 Poa
1776 537 2132 637 aquatica
2182 553 2320 617 etc.

255 653 345 728 in
404 644 675 727 radice
743 649 1127 725 arborum
1192 646 1278 722 in
1326 647 1736 749 paludosis
1803 653 2323 729 crescentium

257 765 649 852 Salicum,
698 763 881 840 Alui
933 776 1073 839 etc.
1175 760 1331 838 cfr.
1386 763 1866 841 Grundlehr.
1917 793 1989 867 p.
2036 772 2155 844 98.
2204 774 2321 844 99.

252 884 354 957 In
404 880 798 956 Pinorum
864 876 1153 953 cortice
1218 875 1461 953 caulis
1510 892 1715 955 recta
1769 878 2202 956 decurrunt
2250 898 2326 958 et

255 992 365 1070 ad
415 990 685 1070 ramos
734 991 993 1093 partiti
1029 991 1645 1093 conspiciuntur,
1690 1019 1876 1070 cum
1907 995 2107 1070 vasis
2125 1007 2324 1096 'pro-

255 1107 456 1208 priis
529 1131 761 1208 saepe
835 1104 1191 1182 confusi.'
1283 1106 1868 1184 Moldenhauer
1925 1108 2050 1183 his
2112 1111 2323 1187 tuni-

261 1247 439 1297 cam
488 1220 901 1323 propriam
964 1219 1243 1295 tribuit
1304 1220 1596 1318 (Beytr.
1645 1250 1721 1324 p.
1773 1227 1935 1299 160.
1988 1227 2223 1321 161.)

457 1335 786 1412 Iuniore
886 1349 1131 1411 aetate
1223 1337 1833 1435 parenchymate
1913 1339 2323 1417 interdum

256 1448 674 1551 replentur
756 1449 1088 1525 demum
1164 1446 1568 1526 fatiscente
1647 1466 1723 1528 et
1797 1470 2322 1544 evanescente,

261 1550 515 1667 quod·
545 1565 629 1638 in
681 1569 938 1666 Trapa
989 1577 1303 1640 natante
1351 1561 1796 1642 luculenter
1844 1582 2180 1667 apparet.

262 1686 267 1691 ’
458 1678 944 1780 Plerumque
1003 1676 1469 1776 regulariter
1531 1693 1606 1754 et
1671 1680 2000 1780 quidem
2061 1683 2145 1755 in
2198 1708 2325 1760 or-

258 1796 455 1872 bem
500 1793 741 1895 positi
791 1807 1009 1881 sunt,
1059 1792 1522 1894 praesertim
1570 1793 1657 1867 in
1709 1793 1949 1868 caule.

432 1907 1140 2009 ⁴Siparenchyma
1214 1907 1298 1981 in
1371 1906 1590 1982 hisce
1665 1906 2066 1982 canalibus
2137 1909 2326 2010 ipsis

264 2037 346 2100 et
407 2022 510 2098 ad
572 2023 794 2123 ipsos
859 2018 1144 2096 fatiscit
1204 2034 1282 2096 et
1347 2020 1675 2097 cellulae
1725 2023 2326 2112 contrahuntur,

262 2132 495 2216 tunc‘·
522 2139 899 2215 oriuntur
957 2134 1283 2212 lacunae
1348 2136 1540 2210 istae
1603 2132 2033 2213 stellulares
2112 2140 2326 2239 apud
2415 2196 2418 2199 -

263 2240 626 2330 auctores
708 2265 829 2328 sat
900 2249 1346 2326 celebratae.
1409 2342 1415 2347 ἡ
1471 2253 1778 2326 Harum
1825 2252 2326 2329 mentionem

261 2365 421 2445 feci
488 2364 874 2466 (Grundl.
937 2390 1011 2466 p.
1062 2366 1259 2462 98.),
1329 2362 1912 2465 descripserunt
1975 2368 2329 2445 Trevira-

262 2505 427 2556 nus
487 2483 618 2577 (V.
679 2478 1022 2556 inwend.
1082 2483 1251 2554 Bau
1296 2506 1372 2580 p.
1423 2482 1490 2555 4.
1538 2482 1686 2572 5,),
1745 2480 2332 2580 Moldenhauer

271 2599 568 2692 (Beytr.
615 2622 688 2696 p.
738 2597 988 2694 164.,)
1054 2594 1192 2697 qui
1245 2608 1518 2669 ortum
1570 2601 1897 2696 quoque
1945 2597 2153 2674 bene
2204 2624 2329 2675 ex-

264 2709 579 2812 posuit,
647 2708 946 2810 aliique.
1054 2712 1148 2784 In
1212 2707 1629 2785 Paludosis
1688 2711 2148 2812 praesertim
2209 2738 2330 2788 re-

262 2823 722 2928 periuntur,
804 2848 991 2900 cum
1054 2822 1137 2897 in
1204 2813 1645 2923 Aquaticis
1669 2824 1938 2924 potius
2003 2823 2330 2904 lacunae

269 2933 741 3038 cylindricae
789 2949 1329 3041 permaneant,
1375 2936 1484 3011 ob
1521 2939 2143 3016 contractionem
2180 2941 2331 3017 cel-

266 3054 615 3138 lularum
668 3078 841 3129 non
888 3050 1191 3127 factam.

462 3166 808 3245 Fistulae
884 3166 970 3241 in
1033 3163 1307 3242 medio
1373 3160 1616 3240 caulis
1696 3176 1772 3239 et
1841 3164 2332 3265 petiolorum

276 3281 1026 3384 deprehenduntur,
1108 3281 1359 3356 serius
1439 3277 1666 3356 citius
1749 3293 2078 3357 exortae.
2204 3284 2333 3360 Ci-

267 3397 431 3472 tius
506 3397 882 3472 oriuntur
949 3396 1038 3472 in
1113 3393 1700 3473 Cucurbitaceis
1783 3408 1862 3470 et
1938 3399 2334 3474 Gramini-

265 3512 462 3598 bus,
524 3510 632 3586 ita
695 3523 801 3586 ut
846 3510 1103 3613 prima
1169 3522 1413 3586 aetate
1478 3506 1794 3608 jamjam
1846 3512 2334 3614 conspiciau

266 3638 438 3710 tur;
489 3625 743 3700 serius
796 3626 1169 3712 oriuntur
1213 3624 1300 3699 in
1351 3623 1539 3712 aliis,
1589 3648 1652 3700 e.
1703 3647 1771 3723 g.
1805 3651 2041 3788 scapo
2076 3632 2331 3703 Leon-

267 3738 638 3816 todontis
674 3739 1061 3816 Taraxaci
1095 3752 1232 3814 etc.

474 3854 859 3932 Cavitates
929 3851 1396 3951 irregulares
1458 3853 1543 3929 iu
1621 3852 1834 3931 foliis
1906 3875 2077 3928 non
2149 3877 2330 3931 raro

270 3967 547 4046 videre
594 3969 814 4059 licet,
874 3992 1244 4046 necnon
1288 3968 1377 4044 in
1426 3966 1835 4056 fructibus,
1885 3981 2331 4068 receptacu-

271 4083 406 4171 lis,
479 4077 814 4187 aliisque
884 4085 1240 4188 partibus
1284 4081 1541 4164 ‚valde
1589 4077 2329 4185 parenchymatosis.
