2843 4800
494 339 641 412 204
1082 349 1096 365 ‘
1296 338 1297 341 ’
1342 340 1404 414 F
1421 339 1619 415 0le
1630 340 1714 415 A.

497 536 818 612 diversa.
914 537 1397 638 Plerumque
1446 551 1711 613 tamen
1764 537 1996 613 aliam
2044 535 2341 611 habent
2370 560 2552 612 ner-

491 672 782 728 vorum
836 652 1477 740 distributionem
1530 678 1617 728 ac
1664 650 1855 735 folia
1908 650 2276 749 ejusdem
2325 651 2584 752 plan··

492 782 645 855 tae,
710 792 856 843 nec
919 792 1088 844 non
1155 767 1471 843 cellulas
1539 765 2050 867 epidermidis
2099 764 2361 841 forma
2409 791 2547 866 pa-

476 908 677 957 rum
731 882 1088 959 diversas.
1185 882 1601 959 Interdum
1650 906 1931 982 parvae
1981 894 2167 955 sunt
2217 895 2350 955 aut
2395 880 2548 954 mi-

491 997 757 1072 nimae
808 1011 883 1071 et
912 997 1285 1083 ·mutilae‚
1340 1012 1474 1072 aut
1521 998 1809 1070 harum
1858 996 2039 1071 loco
2094 995 2362 1094 spinae
2424 1019 2548 1069 re-

489 1111 928 1211 periuntur,
974 1126 1066 1186 ut
1097 1113 1181 1186 in
1216 1112 1562 1187 Robinia
1603 1109 2279 1203 Pseudo-Aeneia.
2360 1112 2548 1184 Per-

491 1225 777 1299 sistunt
827 1225 1302 1312 cum‘soliis,
1356 1239 1498 1300 aut·
1539 1239 1720 1325 post
1772 1223 2372 1324 explicationem
2409 1222 2544 1297 de-

410 1344 413 1347 ’
490 1337 800 1426 cidunt,
878 1354 1013 1415 aut
1076 1340 1272 1414 dum
1328 1338 1808 1439 explicantur
1856 1336 2314 1436 (caducae).
2413 1341 2541 1412 In-

486 1452 859 1528 terdum
884 1478 1071 1529 cum
1141 1454 1442 1555 petiolo
1522 1466 2068 1539 concrescunt,
2134 1478 2171 1525 a
2239 1445 2539 1552 petiolo

489 1553 692 1642 alato
740 1567 1385 1661 distinguendae,
1453 1568 1677 1668 quod
1737 1548 1902 1642 hic
1932 1579 2116 1668 post
2161 1565 2533 1640 laminam

488 1679 691 1770 folii,
764 1682 943 1757 illae
1008 1708 1195 1758 vero
1265 1697 1442 1758 ante
1512 1681 1697 1758 folia
1750 1681 2240 1766 evolvantur,
2264 1741 2270 1745 .
2320 1678 2541 1754 unde

487 1796 653 1871 alae
726 1797 1195 1897 stipulaceae
1248 1796 1647 1872 dicendae.
1775 1796 2283 1896 stipularum,
2351 1818 2552 1869 cum·

485 1937 800 2012 semper
858 1913 1093 1987 binae
1157 1912 1543 1999 oriantur,
1596 1910 1899 2008 singula
1952 1909 2053 1985 ad
2099 1924 2538 2010 utrumque

483 2024 907 2101 latusfolii
962 2040 1215 2113 enata,
1266 2040 1498 2125 typus
1548 2025 1714 2101 alae
1763 2023 2230 2124 stipulaceae
2263 2022 2534 2099 viden-

483 2154 648 2227 tur,
700 2139 881 2215 loco
935 2140 1397 2236 vaginarum
1452 2153 1739 2214 enatae.

546 2304 553 2313 ‹
677 2253 801 2328 Ad
866 2253 1354 2353 Paraphyllia
1419 2252 1817 2353 pertinent
1879 2250 2078 2334 folia
2119 2253 2203 2327 in
2254 2251 2538 2350 germi-

482 2367 804 2444 natione
851 2367 1189 2443 Filicum
1243 2381 1419 2443 ante
1468 2365 1772 2468 reliqua
1837 2367 2348 2467 emergentia,
2412 2366 2536 2441 his

484 2497 871 2558 structura
925 2482 1344 2570 simillima,
1413 2482 1555 2557 sed
1622 2480 1874 2580 figura
1924 2481 2162 2581 longe
2215 2481 2570 2568 diversa,.

480 2597 958 2699 plerumque
1000 2596 1334 2672 dilatata
1400 2611 1476 2672 et
1542 2596 2018 2697 expetiolata.
2132 2599 2198 2674 A
2250 2595 2535 2693 cotyle-

485 2712 834 2788 donibus
886 2721 1028 2787 seu
1074 2710 1288 2787 foliis
1323 2711 1835 2787 seminalibus
1872 2710 2271 2797 differunt,
2309 2708 2536 2812 quod

485 2826 629 2923 diu
675 2828 1121 2928 persistant,
1175 2840 1251 2901 et
1297 2821 1559 2900 unum
1608 2840 1792 2926 post
1843 2825 2172 2899 alterum
2226 2848 2535 2899 enasca-

480 2956 645 3028 tur,
722 2966 892 3016 uno
977 2965 1250 3017 rursus
1332 2955 1518 3042 post
1600 2940 1931 3014 alterum
2008 2933 2533 3013 evanescente.

476 3054 838 3146 Eandem
904 3081 1091 3131 vero
1158 3054 1657 3131 functionem
1728 3049 2007 3151 procul
2077 3048 2329 3125 dubio
2391 3051 2533 3127 ha-

476 3170 686 3246 bent.
816 3171 1483 3249 Marchantiarum
1551 3180 1685 3242 aut
1744 3164 2192 3242 Ricciarum
2259 3163 2536 3242 frondi

478 3283 879 3359 simillima
930 3310 1158 3386 saepe
1212 3284 1744 3360 observantur.

671 3403 858 3475 Non
909 3400 1178 3474 minus
1227 3399 1386 3474 huc
1441 3396 1833 3496 pertinent
1878 3392 2068 3471 folia
2120 3366 2277 3471 ista
2316 3395 2526 3473 Con-

476 3512 710 3588 servis
761 3513 1157 3590 simillima
1213 3526 1288 3587 et
1334 3538 1483 3613 pro
1539 3508 1950 3588 Conservis
2000 3509 2414 3586 venditata
2439 3510 2525 3584 in

474 3627 769 3706 Muscis
822 3628 1052 3703 obvia
1105 3642 1180 3702 et
1229 3651 1544 3726 semper
1576 3640 1753 3701 ante
1785 3625 2086 3725 reliqua
2121 3621 2311 3700 folia
2348 3650 2525 3722 cau-

460 3746 732 3833 ‚lemve
798 3740 1264 3843 apparentia.
1380 3744 1629 3841 Saepe
1692 3765 1783 3815 ex
1830 3763 1990 3814 una
2041 3740 2239 3815 serie
2290 3738 2528 3822 cellu-

475 3859 738 3934 larum
829 3871 1139 3944 tantum
1239 3854 1674 3955 composita
1762 3866 1947 3927 sunt
2028 3854 2209 3951 (cfr.
2294 3851 2523 3947 122.)

477 3976 545 4050 A
620 3970 1226 4070 cotyledonibus
1300 3994 1444 4045 seu
1514 3965 1728 4044 foliis
1801 3967 2314 4045 seminalibus
2390 3990 2523 4041 eo-

476 4087 663 4164 dem
728 4085 986 4164 modo
1053 4083 1459 4171 differunt,
1508 4106 1675 4184 quo
1726 4080 2065 4165 Filicum
2114 4079 2524 4183 paraphyl-
