2843 4800
1009 310 1586 388 rnuc‘rus.
2018 264 2032 276 ’
2177 312 2324 387 319

268 506 405 584 sed
442 507 778 584 minime
810 506 1220 608 speciebus
1254 510 1619 610 partium.
1717 508 1919 604 Quis
1951 534 2320 611 *unquam

268 622 617 699 corollae
647 622 1234 723 papilionaceae
1268 639 1404 700 aut
1433 624 1764 701 labiatae
1803 647 2101 700 nomen
2137 652 2324 726 pro„

266 735 538 837 prium
587 737 937 813 tribuere
987 739 1294 814 statuit?
1377 738 1574 834 Quis
1623 736 1823 814 folio
1874 736 2296 837 pinnato?

463 855 629 926 Nec
691 854 1012 928 termini
1074 852 1502 928 sufficiunt.
1612 852 1868 928 Nimis
1915 851 2067 929 late
2116 867 2328 955 patet

270 964 634 1066 capsulae
698 965 1115 1051 terminus;
1180 965 1580 1064 legumina
1628 965 1885 1040 variae
1933 980 2117 1041 sunt
2164 964 2327 1042 for.-

268 1102 486 1166 mae,
544 1080 650 1154 ita
711 1094 805 1155 ut
867 1080 1504 1181 Hyperantherae
1563 1080 1991 1181 pericarpia
2041 1079 2168 1156 alii
2218 1080 2326 1156 le-

270 1191 950 1289 gumina-dicant,
1005 1199 1483 1271 Gaertnerus
1535 1194 1934 1295 capsulam
1995 1192 2327 1292 legumi-

273 1305 579 1381 nodem
643 1308 1014 1408 appellet,
1076 1307 1217 1384 sed
1292 1319 1461 1384 non
1514 1308 1868 1409 explicet,
1921 1309 2116 1409 quid
2166 1309 2323 1385 hoc

198 1497 211 1510 ,
275 1420 612 1495 nomine
692 1423 892 1498 velit.
1025 1424 1155 1498 Sic
1229 1446 1558 1524 quoque
1630 1420 1956 1521 siliquae
2028 1423 2325 1500 multae

275 1547 464 1608 sunt
511 1536 803 1634 species
854 1536 1303 1612 definitioni
1352 1537 1476 1610 vix
1527 1532 2056 1630 subjiciendae

474 1649 830 1725 Termini
876 1651 1141 1726 nimis
1216 1648 1743 1745 distinguunt,
1822 1652 2115 1752 Atropa
2188 1652 2325 1728 ha-

273 1759 413 1836 bet
470 1761 794 1838 baccam
862 1779 939 1840 et
995 1768 1537 1864 Hyoscyamus
1606 1764 1974 1864 Scopolia
2053 1761 2324 1866 capsu-

272 1873 470 1963 lam,
522 1878 976 1954 Oenothera
1024 1880 1264 1955 habet
1312 1877 1767 2007 capsulam,
1815 1881 2074 1955 Gaura
2138 1880 2325 1955 dru-

275 2014 496 2089 pam;
544 1990 845 2067 fructus
893 1991 1453 2069 Valerianellae
1500 1992 1975 2067 immaturus
2011 1993 2322 2095 capsula

277 2116 425 2191 est,
473 2121 833 2183 maturus
882 2106 1303 2183 achenium
1355 2119 1434 2181 et
1479 2108 1590 2181 sic
1637 2132 1904 2208 porro.

470 2221 674 2295 Hinc
721 2220 1250 2296 necessarium
1302 2234 1417 2296 est
1477 2223 1931 2310 terminum,
1990 2223 2324 2323 pericar-

272 2333 524 2436 pium,
556 2349 859 2411 tantum
901 2335 1330 2412 adhibere
1308 2360 1394 2410 ιιι
1431 2356 1715 2434 genere
1754 2335 2323 2427 definiendum,

276 2449 553 2526 saltem
599 2451 686 2525 in
736 2450 1021 2527 ordine
1069 2449 1421 2526 naturali.
1519 2456 1706 2527 Non
1754 2450 2325 2550 rejiciotermi-

278 2587 431 2639 nos
527 2562 873 2665 capsula,
968 2565 1239 2650 bacca,
1338 2563 1623 2663 drupa,
1736 2591 1927 2653 nux,
2033 2566 2322 2643 nucula

280 2676 496 2775 (loco
529 2681 746 2756 vocis
780 2679 1103 2775 akenae)
1139 2678 1278 2754 sed
1311 2691 1621 2753 tantum
1662 2679 2052 2753 brevitatis
2094 2682 2323 2756 causa

277 2792 364 2867 in
414 2795 821 2893 speciebus
876 2791 1389 2879 definiendis,
1459 2790 1595 2867 aut
1639 2789 2043 2866 interdum
2093 2815 2325 2890 gene-

275 2908 519 2983 ribus.
630 2910 758 2986 Sic
823 2906 927 2983 de
992 2905 1375 2982 Candolle
1423 2902 1685 3005 phylla
1735 2904 2072 2980 lateralia
2120 2908 2324 3006 peri-

280 3023 501 3119 gonii
558 3023 643 3096 in
708 3022 1058 3099 Aconitis
1104 3020 1263 3096 alas
1323 3032 1578 3106 vocat,
1641 3014 2324 3095 Reichenbachius

278 3136 586 3222 buccas,
660 3150 736 3211 et
790 3162 959 3213 non
1016 3135 1223 3211 mal-e
1281 3159 1469 3210 cum
1519 3132 1822 3232 generis
1884 3132 2323 3210 charactere

278 3247 651 3334 indicant,
701 3251 895 3349 quid
943 3251 1198 3326 velint.
1300 3250 1428 3326 Sic
1476 3247 1711 3349 pappi
1762 3270 1956 3323 voce
1997 3249 2320 3338 utimur,

262 3385 777 3465 quamquam·
824 3362 1256 3439 dicendum
1306 3365 1404 3439 sit
1453 3363 1664 3462 calyx
1712 3361 2104 3463 proprius.

482 3471 625 3552 Sic‘
681 3482 1073 3577 capsulam
1142 3478 1585 3553 vocaverim
1670 3500 1911 3553 omne
1987 3479 2324 3578 pericar-

262 3592 510 3694 -pium
561 3591 888 3678 siccum,
938 3592 1633 3666 membranaceum
1679 3605 1820 3667 aut
1875 3592 2323 3668 coriaceum

287 3720 364 3782 et
400 3699 743 3807 quidem
791 3708 1195 3805 capsellam
1242 3704 1304 3779 si
1355 3730 1688 3806 parvum
1719 3705 1979 3780 suerit
2026 3721 2102 3781 et
2148 3731 2325 3781 mo-

283 3842 838 3921 nospermum;
887 3848 1148 3896 nucem
1201 3834 1509 3896 externe
1546 3820 1843 3896 durum
1880 3834 1955 3893 et
1991 3819 2321 3920 quidem

282 3938 691 4023 nuculam,·
728 3936 792 4010 si
840 3959 1172 4036 parvum
1220 3934 1459 4010 fuerit
1508 3949 1585 4010 et
1628 3958 2322 4057 monospermum3

283 4051 609 4152 drapum
677 4064 894 4126 extus
974 4049 1218 4126 molle
1291 4051 1503 4124 intus
1586 4050 1915 4133 durum3
1978 4054 2318 4149 pomum,
