2843 4800
472 309 709 399 <am
1002 411 1009 420 ,
1299 326 1877 416 FRUCTUs

444 570 450 578 ·
565 518 1006 599 carnosum‘
1065 537 1207 599 aut
1271 523 1822 602 succulentum
1894 526 1959 603 si
2030 525 2310 625 majus·
2353 525 2617 617 fuerit,

566 638 896 724 baccam,
924 638 1012 713 ,si
1061 638 1332 713 minus
1381 637 1651 725 suerin
1703 639 2015 717 baccam
2044 644 2345 728 siccam,
2384 643 2613 743 quod

561 753 1084 828 immaturum
1158 753 1710 830 succulentum
1776 768 1926 841 est‚·
1978 769 2155 830 tum
2214 781 2404 832 vero
2473 755 2618 831 sic-

566 892 771 954 cum,
806 865 1092 960 *alieno
1161 867 1432 943 colore
1480 892 1626 943 nec
1675 866 1901 943 fusco
1953 894 1994 943 a
2048 869 2362 970 capsula
2415 895 2617 971 quo-

544 1006 722 1082 ·que
788 978 1476 1090 distinguendum?
1540 984 1882 1081 legumen
1945 996 2021 1057 et
2067 985 2431 1088 siliquam
2481 1008 2616 1083 pe-

561 1097 889 1198 ricarpia
1003 1093 1383 1171 ordinum
1497 1097 2011 1194 quorundam
2111 1096 2612 1172 naturalium.

562 1211 839 1286 Dicere
901 1233 1228 1310 quoque
1291 1207 1472 1285 licet
1525 1210 2052 1310 pericarpium
2106 1209 2614 1311 drupaceum,

548 1327 971 1410 'baccatum
1026 1337 1162 1399 etc.
1259 1323 1795 1423 Pericarpium
1845 1323 2099 1422 figura
2131 1327 2456 1402 seminis
2494 1326 2613 1400 in-

490 1469 491 1472 *
567 1439 759 1515 cl'usi
810 1437 1470 1541 amphispermium
1520 1436 1869 1515 dixerim.

550 1662 768 1781 182.
890 1692 1514 1807 Pericarpz'um
1618 1669 2056 1779 constat·
2116 1718 2170 1780 e
2264 1694 2604 1810 peridio

546 1821 554 1827 ⁶
686 1857 984 1948 saepe
1052 1834 1310 1918 valois
1375 1827 1866 1958 distincto.

720 1999 1045 2076 -Peridii
1121 2022 1421 2073 nomen
1495 1997 1592 2071 in·
1657 1998 2213 2099 Cryptogamia
2299 2014 2608 2076 tantum

562 2115 941 2239 usitatum
989 2109 1143 2185 fuit
1191 2109 1430 2185 simili
1480 2111 2086 2208 significatione,
2152 2116 2292 2191 sed
2344 2140 2609 2202 neces-

563 2219 861 2302 sarium
936 2239 1080 2311 est,
1155 2238 1248 2299 ut
1321 2249 1500 2323 pars
1580 2250 1622 2298 a
1700 2223 2275 2338 dissepimentis
2340 2242 2418 2304 et
2482 2254 2608 2304 co-

561 2339 883 2417 lumella
945 2335 1498 2437 distinguenda
1561 2340 1890 2441 proprio
1955 2342 2287 2418 nomine
2350 2343 2608 2444 appel-

559 2456 783 2531 letur.
1166 2525 1175 2529 ,

512 2580 515 2585 ’
753 2572 820 2644 Ε
883 2569 1136 2647 nibus
1201 2581 1505 2647 constat
1579 2569 1832 2649 stratis
1896 2570 2041 2647 sibi
2109 2571 2606 2673 superimpo-

562 2684 745 2761 sitis.
853 2683 1256 2760 Extimum
1321 2706 1466 2758 seu
1537 2697 1799 2759 cortex
1883 2709 1926 2759 e
2004 2686 2608 2786 parenchymate

562 2812 868 2876 constat
944 2798 1215 2895 magis=
1272 2798 1638 2872 minusve
1711 2795 1883 2873 laxo
1970 2825 2058 2875 ac
2133 2799 2439 2900 diploe,
2519 2801 2606 2875 in

564 2913 1072 2989 crassioribus
1145 2911 1470 3013 peridiis
1542 2908 1769 2988 facile
1844 2911 2454 3011 distinguendo.
2521 2916 2605 2990 in

557 3025 1059 3104 tenuioribus
1125 3024 1674 3100 membranam
1739 3024 2134 3113 referens‚·
2180 3028 2263 3101 in
2313 3028 2604 3103 tenuis—

494 3134 507 3159 *
561 3142 781 3218 simis
842 3165 884 3215 a
945 3139 1268 3239 reliquis
1329 3139 1580 3214 stratis
1642 3164 1811 3215 non
1875 3138 2354 3229 distinctum.
2464 3144 2604 3217 La-

562 3256 820 3341 cunis,
882 3252 1386 3352 receptaculis
1454 3252 1694 3349 chyli‚
1758 3251 2133 3331 folliculis
2196 3269 2273 3331 et
2321 3256 2603 3355 cryptis

561 3393 790 3468 saepe
837 3364 1230 3467 repletum
1307 3380 1438 3453 est,
1472 3367 1770 3442 ‘minus
1834 3382 2102 3445 tamen
2173 3394 2258 3445 ac
2311 3368 2599 3469 diploe.

558 3481 985 3558 Induratur
1047 3481 1133 3554 in
1187 3480 1533 3559 nucibus
1546 3518 1565 3568 ‚-
1630 3481 1929 3579 cellulis
1992 3498 2181 3560 tunc
2256 3508 2600 3584 praeser-

557 3596 705 3672 tim
776 3594 1031 3696 parvis
1111 3590 1423 3690 juniore
1491 3610 1732 3672 aet-ate
1796 3594 2020 3679 facile
2070 3625 2112 3674 a
2165 3598 2436 3699 diploe
2488 3596 2603 3671 di-

559 3705 1143 3807 stinguendum.
1257 3709 1824 3786 Succulentum
1885 3709 1977 3785 fit
2038 3711 2123 3786 in
2190 3711 2466 3813 drupis
2529 3726 2605 3788 et

555 3824 845 3910 baccis,
913 3820 1209 3897 cellulis
1272 3824 1625 3924 expansis
1676 3824 2089 3900 succifluis.
2217 3825 2598 3902 Fasciculi

540 3939 841 4035 lignosi
901 3937 1134 4013 variis
1183 3962 1351 4012 sese
1400 3938 1696 4015 habent
1742 3939 2025 4016 modis.
2122 3944 2212 4015 In
2268 3942 2436 4017 aliis
2495 3942 2603 4015 vi-

560 4052 713 4128 deo
764 4051 1189 4152 parallelos
1251 4079 1394 4153 per
1454 4053 1760 4131 huncce
1824 4055 2197 4132 corticem
2261 4055 2601 4132 adscen-

2392 4168 2598 4255 dere,
