2843 4800
993 376 1490 455 PLANTA.
2170 382 2269 458 43

213 601 375 654 non
439 573 781 679 quidem
843 575 931 651 in
989 573 1215 679 ipsis,
1275 574 1418 652 sed
1478 575 1567 651 in
1632 574 1800 653 aliis
1857 575 2142 678 plantis
2191 592 2269 655 et
2372 634 2378 639 ·

213 690 545 795 quidem
597 690 933 766 aliarum
980 690 1426 791 specierum
1473 690 1847 793 probata,
1898 690 2000 768 ad
2047 691 2267 768 idem

212 832 463 906 genus
510 806 909 907 pertinere
954 803 1343 879 videntur.

404 920 939 997 Inconstantia
1004 932 1082 993 et
1138 918 1306 995 vice
1370 945 1592 996 versa
1639 920 2071 999 constantia
2121 944 2268 997 no‹

210 1049 475 1112 tarum
544 1033 829 1136 speciei
878 1034 962 1108 in
1012 1031 1298 1134 plantis
1344 1034 1566 1134 ipsis,
1617 1032 1804 1108 hinc
1851 1034 1937 1109 in
1988 1031 2269 1112 eadem

210 1148 660 1250 plantarum
726 1147 929 1223 serie
984 1147 1400 1248 probatur,
1465 1148 1986 1225 inconstantia
2075 1173 2266 1226 vero

213 1278 292 1339 et
335 1264 506 1339 vice
555 1286 775 1337 versa
827 1264 1260 1339 constantia
1306 1277 1684 1339 notarum
1731 1261 2040 1359 generis
2099 1284 2269 1341 non

212 1377 552 1480 quidem
614 1376 699 1451 in
761 1375 1046 1477 plantis
1105 1377 1294 1478 ipsis
1343 1377 1786 1478 eademque
1834 1378 2268 1474 generatio-e

207 1516 421 1568 num
471 1491 686 1577 serie,
734 1488 875 1566 sed
923 1490 1010 1565 in
1060 1491 1225 1567 aliis
1274 1491 1562 1594 plantis
1605 1491 1656 1567 i.
1699 1516 1762 1567 e.
1810 1491 1897 1566 in
1932 1505 2104 1568 toto
2140 1515 2268 1589 ge-

210 1606 724 1682 nerationum
775 1606 1199 1706 complexu
1240 1606 1647 1705 probatur.

413 1724 622 1796 Haec
681 1720 1013 1821 quidem
1077 1719 1386 1818 generis
1456 1716 1820 1794 definitio
1870 1745 1912 1794 a
1961 1734 2269 1820 recepta

210 1833 443 1912 valde
494 1835 911 1923 abhorret,
963 1848 1040 1910 et
1089 1831 1316 1935 quod
1365 1856 1535 1908 non
1585 1833 2071 1929 negabimus9
2122 1832 2272 1908 dif-

210 1950 567 2026 ficillime
617 1947 720 2024 ad
768 1962 1133 2024 naturam
1179 1946 1630 2049 applicatur.
1725 1947 2275 2024 Necessarium

211 2090 399 2141 vero
470 2087 640 2139 non
705 2061 974 2138 solum
1037 2076 1187 2150 est,
1247 2076 1340 2139 ut
1405 2075 1612 2138 certa
1677 2075 1754 2137 et
1802 2059 2127 2138 definita
2177 2062 2277 2139 sit

129 2263 137 2270 ,
214 2179 522 2277 generis
573 2176 839 2265 notio,
906 2175 1046 2253 sed
1099 2201 1429 2278 quoque
1475 2190 1570 2253 ut
1617 2177 1902 2276 speciei
1953 2176 2273 2253 notioni

211 2290 726 2396 respondeat,
825 2316 971 2367 nec
1045 2288 1261 2366 aliud
1336 2289 1780 2392 quidquam
1848 2290 2082 2393 plane
2158 2290 2277 2368 di-

209 2435 537 2485 versum
609 2405 929 2482 indicet.
1042 2411 1251 2483 Nam
1312 2407 1584 2504 generi
1643 2412 1967 2500 nomen)
2011 2408 2276 2510 impo⁴

210 2525 492 2600 nimus
540 2545 966 2608 sonorum,
1015 2520 1444 2621 ipsumque
1493 2522 2092 2611 substantivum,
2144 2523 2273 2598 cui

213 2660 534 2712 nomen
621 2635 899 2737 speciei
993 2632 1500 2734 adjungimus
1579 2636 2058 2740 plerumque
2141 2635 2275 2712 ad-

211 2750 619 2851 jectivum.
1439 2827 1448 2838 ‚
1683 2829 1696 2836 ,

412 2861 542 2941 Ad
605 2860 824 2938 idem
904 2886 1153 2962 genus
1231 2861 1592 2939 referunt
1659 2863 1994 2965 plantem,
2072 2889 2277 2966 quae

211 2977 829 3057 fructificatione
877 2979 926 3055 i.
979 3003 1041 3054 e.
1089 2971 1294 3057 flore
1344 2992 1423 3055 et
1469 2976 1736 3053 fructu
1773 2979 2277 3064 conveniunt,

217 3096 318 3172 ad
374 3095 686 3175 diversa
737 3116 1058 3190 genera,
1109 3114 1315 3193 quae
1362 3089 1580 3165 hisce
1631 3087 2029 3164 differunt.
2126 3094 2280 3165 Ra-

213 3210 529 3288 tionem
580 3207 919 3295 addum,
970 3205 1198 3308 quod
1245 3201 1745 3284 fructificatio
1796 3204 2057 3280 multo
2113 3230 2282 3283 ma·-

215 3324 335 3422 gis
417 3333 859 3399 constantes
931 3323 1299 3423 praebeat
1370 3332 1599 3394 notas
1674 3344 1920 3421 quam
2014 3319 2280 3397 herba.

148 3441 153 3448 ”
211 3441 313 3514 At
363 3461 539 3513 non
590 3461 878 3515 omnes
926 3460 972 3514 ,e
1019 3434 1627 3514 fructificatione
1676 3431 2085 3513 desumtae
2132 3462 2281 3513 no·

212 3566 334 3629 tae
368 3553 631 3650 magis
667 3564 1112 3628 constantes
1146 3564 1347 3638 sunt,
1395 3573 1637 3651 quam
1672 3575 1877 3650 quae
1914 3549 2000 3625 in
2033 3550 2282 3628 herba

215 3680 620 3769 apparent.
729 3666 855 3743 An
914 3662 1207 3741 solium
1264 3665 1718 3762 vaginatum
1781 3664 1911 3753 sit,
1961 3688 2107 3740 nec
2158 3689 2280 3751 ne,

213 3781 477 3857 multo
564 3779 821 3877 magis
879 3794 1245 3864 constans
1306 3792 1424 3855 est
1497 3777 1950 3864 discrimen,
2037 3802 2281 3878 quam

218 3894 443 3994 quod
479 3894 695 3971 inter
740 3893 1095 3996 petalum
1130 3907 1537 3969 crenatum
1574 3906 1651 3968 et
1681 3880 2282 3988 integerrimum

216 4010 549 4087 obtinet.
606 4008 1029 4088 seminum
1060 4005 1321 4090 forma
1353 4007 1537 4110 plus
1562 4005 1664 4082 ad
1689 4006 1984 4109 species
2011 4003 2284 4084 distin-

217 4124 605 4220 guendas,
655 4148 902 4225 quam
953 4122 1056 4202 ad
1104 4144 1386 4221 genera
1434 4117 1866 4223 separanda
1914 4119 2238 4200 confert.
