2843 4800
470 310 584 399 ι14
1160 402 1163 405 ,
1236 319 1749 400 PLANTA.

853 948 857 953 .
1344 830 1508 955 1.Ι.
1715 922 1808 933 ·-

805 1027 2074 1189 .1'i'..11212-AN‘TA4'r

479 1545 649 1635 sm..
718 1514 1266 1635 ,PLANTA
1302 1558 1453 1635 est
1497 1513 1865 1664 coi-pus
1903 1513 2518 1661 argaffioflm.
2567 1592 2573 1596 -

576 1685 1305 1802 compositum,
1394 1712 1467 1773 =e
1542 1686 1828 1788 solos
1885 1687 2047 1776 cui
2115 1687 2519 1805 imposi-

526 1840 551 1949 J
593 1820 814 1912 tuni
881 1838 1058 1941 est,
1120 1823 1595 1949 alimenta
1656 1822 2157 1913 hauriens,
2501 1852 2507 1859 ·

666 1995 1045 2096 Corporis
1112 1993 1458 2091 organici
1521 1993 1915 2079 character
1959 1994 2380 2097 primarius
2424 1994 2514 2070 in

468 2109 972 2206 generatione
1019 2108 1324 2208 positus
1374 2122 1506 2183 est.
1559 2108 1977 2186 Generatio
2028 2109 2121 2186 fit
2158 2100 2512 2209 germine

470 2221 758 2301 emisso
796 2235 904 2297 >et
970 2221 1288 2301 evoluto
1304 2280 1325 2310 ‚
1399 2222 1506 2303 ita
1577 2234 1671 2298 ut
1723 2221 2219 2323 productum
2265 2223 2368 2300 sit
2412 2224 2513 2303 si-

465 2335 657 2418 mile
702 2335 1200 2437 producenti.

654 2454 822 2528 {Hac
900 2448 1366 2535 definitione
1439 2473 1611 2527 non
1683 2473 2093 2550 negamus,
2177 2476 2511 2553 corpora

466 2564 832 2661 organica
885 2564 1141 2641 enasci
1186 2588 1424 2666 posse
1474 2564 1772 2666 absque
1817 2566 2342 2665 generatione,
2378 2581 2514 2643 aut

466 2679 921 2778 aequivoca,
1012 2677 1131 2753 uti
1230 2677 1538 2767 dicunt,
1646 2679 2169 2777 generatione.
2300 2679 2508 2770 Cum

327 2839 343 2856 .
461 2816 650 2868 vero
705 2807 922 2868 enata
973 2789 1299 2880 fuerint,
1362 2805 1554 2869 tunc
1619 2794 1953 2870 omnino
2005 2794 2507 2892 generatione

460 2930 641 2983 vera
690 2919 1245 3007 propagantur.

659 3020 741 3096 Si
790 3018 1015 3117 fungi
1066 3020 1492 3123 quotannis
1542 3042 1586 3096 e
1634 3045 1870 3097 succo
1923 3045 2014 3095 ex
2081 3018 2499 3094 arboribus

463 3131 790 3235 aliisque
857 3135 1327 3234 corporibus
1400 3134 1732 3209 stillante
1807 3145 2353 3207 enascerentur
2429 3146 2505 3209 et

457 3249 834 3348 perirent,
912 3244 1013 3321 ad
1089 3270 1426 3346 corpora
1502 3246 1862 3342 organica
1936 3244 2166 3321 nullo
2245 3244 2500 3323 modo

461 3371 716 3434 essent
762 3356 1175 3432 referendi.
1263 3360 1473 3434 Cum
1504 3383 1692 3434 vero
1731 3358 2278 3459 experimentis
2314 3383 2501 3435 con-

457 3471 865 3558 firmatum
915 3470 1051 3557 sit,
1127 3494 1172 3546 e
1218 3471 1707 3570 germinibus
1759 3496 2087 3573 quoque
2115 3471 2500 3572 pronasci,

456 3609 627 3660 non
691 3579 1148 3660 dubitamus
1213 3584 1310 3660 ad
1380 3609 1715 3685 corpora
1777 3583 2068 3660 referre
2121 3583 2497 3681 organica,

455 3697 637 3775 licet
696 3691 954 3798 p'rima
1012 3691 1179 3774 vice
1246 3722 1336 3774 ex
1396 3698 1849 3799 putredine,
1915 3711 2212 3773 statuve
2284 3722 2499 3774 mor·-

455 3811 661 3888 boso
714 3809 1044 3887 aliarum
1090 3810 1538 3913 plantarum
1587 3811 2047 3914 prodierint.

651 3925 1026 4002 Germina
1089 3924 1174 4001 in
1239 3949 1575 4027 corpore
1627 3925 1996 4023 organico
2049 3939 2312 4000 exorta
2365 3939 2500 4004 aut

457 4040 957 4129 evolvuntur,
1032 4051 1462 4142 postquam
1540 4052 1887 4143 separata
1957 4036 2282 4127 fuerint,
2365 4052 2501 4115 aut
