2843 4800
1017 351 1468 433 CAULls:
2105 360 2248 437 153
2346 363 2351 368 ’

410 553 690 633 Caules
739 552 1748 653 Monocotyledoneamm,-
1788 556 2061 634 saltem
2110 584 2246 634 an..

213 669 354 745 nui
444 667 732 744 eodem
824 668 1110 755 modo,
1199 670 1650 744 extensione
1712 671 2001 747 scilicet
2072 696 2247 748 om-

214 784 444 858 nium
508 784 852 882 partium
912 783 996 858 in
1046 779 1558 860 latitudinem·
1591 800 1963 860 crescunt.
2060 786 2244 864 Vidi

217 896 434 971 enim
505 896 590 969 in
655 895 1005 972 caulibus
1068 894 1515 993 junioribus
1571 898 2082 975 Liliacearum
2130 912 2250 975 tot

217 1008 632 1084 fasciculos
694 1009 1031 1107 ligneoS,
1095 1025 1293 1110 quot
1353 1012 1439 1084 in
1505 1011 1823 1099 adultis3
1890 1012 2252 1088 dilatatur

219 1123 460 1199 caulis
524 1134 600 1197 et
663 1124 769 1199 ob
817 1122 1252 1200 medullam
1313 1123 1796 1224 fatiscentem
1846 1127 2251 1203 fistulosus

216 1235 326 1312 fit.
423 1240 609 1312 Non
660 1238 1135 1334 negaverim,
1203 1237 1514 1314 cellulas
1573 1264 1844 1328 novaS,
1913 1265 2250 1342 vasaque

220 1374 427 1426 nova
488 1351 693 1426 inter
754 1349 1016 1428 adulta
1083 1352 1399 1439 exoriri3
1448 1353 1747 1456 loquor
1791 1369 2100 1431 tantum
2149 1354 2253 1430 de

219 1463 605 1540 fasciculis
653 1464 944 1562 ligneis.
1044 1465 1323 1542 Caules
1369 1491 1556 1542 vero
1622 1491 2036 1567 perenneS,
2112 1468 2251 1570 qui

219 1580 693 1680 plerumque
777 1579 1134 1655 caudices
1207 1592 1391 1656 sunt
1461 1579 1937 1668 intermedii,
2001 1605 2254 1656 novos

223 1692 646 1769 admittunt
691 1690 1100 1770 fasciculos
1144 1692 1448 1790 ligneos
1484 1692 1580 1789 ad
1616 1718 1818 1770 nova
1850 1708 2256 1771 transeun-

222 1820 334 1883 tes
383 1806 591 1883 folia.
687 1808 888 1883 Hinc
937 1809 1345 1884 interiores
1397 1821 1924 1883 accreverunt:

411 1925 506 1998 In
554 1920 1194 2018 Dicotyledoneis
1246 1920 1502 1996 caules
1549 1920 1898 2020 juniores
1962 1920 2259 1996 habent

224 2034 633 2112 fasciculos
703 2035 1006 2132 ligneos
1082 2035 1167 2108 in
1245 2034 1529 2110 orbem
1603 2035 1906 2136 positos
1980 2058 2065 2110 ac
2140 2046 2260 2109 se-

223 2165 532 2249 paratos
577 2150 697 2225 uti
745 2147 1578 2245 Monocotyledoneae.
1651 2151 2057 2246 Augentur
2087 2172 2258 2225 non

225 2262 488 2342 solum
567 2286 837 2338 versus
913 2276 1276 2338 centrum
1371 2276 1448 2338 et
1540 2287 1808 2338 versus
1900 2262 2262 2363 periphe-

225 2379 423 2454 riam
507 2376 872 2454 radiatim
977 2375 1438 2464 crescendo,
1530 2375 1666 2453 sed
1756 2399 2082 2479 quoque
2159 2374 2260 2452 ad

225 2493 494 2580 latera,
594 2490 813 2568 unde
909 2491 1433 2593 parenchyma
1531 2491 1737 2566 inter
1847 2490 2260 2568 fasciculos

228 2606 580 2682 effusum
628 2607 1192 2706 comprimitur.
1287 2605 1491 2679 Hinc
1542 2605 1879 2680 annulus
1928 2604 2020 2680 fit
2065 2607 2261 2683 inte-

225 2744 370 2819 ger
418 2744 463 2795 e
511 2718 743 2795 radiis
795 2720 1310 2820 compositus,
1358 2718 1794 2794 medullam
1826 2718 2260 2804 includenS,

231 2849 305 2912 at
352 2832 581 2910 valde
631 2833 1121 2909 diminutam.
1217 2832 1565 2933 Exposui
1613 2833 1815 2907 hanc
1865 2831 2263 2908 crescendi

229 2948 573 3024 modum
632 2949 937 3049 primus
998 2947 1381 3045 (Grundl.
1451 2945 1524 3021 d.
1588 2947 1806 3020 Anat.
1869 2944 1920 3022 f.
1986 2944 2058 3019 d.
2121 2945 2264 3024 Pss.

231 3090 304 3163 p.
353 3066 514 3139 146.
564 3060 614 3137 f.
664 3062 1034 3159 58—60.)
1088 3058 1243 3138 Cir.
1295 3033 1482 3164 Τ*
1531 3056 1581 3133 fi
1613 3063 1729 3135 36.
1782 3083 1824 3134 e
1872 3083 2097 3134 ramo
2147 3057 2269 3156 ju·-

234 3176 459 3251 niore
513 3177 839 3253 Platano
907 3189 983 3251 et
1040 3174 1090 3251 f.
1138 3178 1254 3253 37.
1316 3199 1360 3250 e
1418 3197 1643 3249 ramo
1710 3171 2003 3248 adulto.
2132 3176 2268 3249 Se-

235 3291 392 3365 cuti
470 3305 653 3367 sunt
739 3288 1096 3391 plerique
1164 3312 1657 3391 nuperorum
1673 3346 1692 3376 ,
1783 3311 2269 3390 quamquam
2316 3316 2320 3321 ·

234 3430 363 3482 me
412 3428 583 3480 non
612 3402 1136 3480 laudaverint.
1423 3424 1428 3429 ·

424 3523 1016 3596 lucrementum
1108 3518 1355 3595 hocce
1428 3515 2028 3618 juxtapositione
2106 3529 2272 3592 tam

237 3658 640 3723 vasorum,
702 3658 945 3734 quam
995 3632 1454 3708 cellularum
1502 3630 1675 3706 fieri
1721 3631 2007 3733 probat
2051 3627 2272 3705 haud

238 3746 666 3848 interrupta
698 3745 1141 3822 *radiorum
1207 3759 1282 3820 et
1345 3770 1702 3821 arearum
1762 3745 1950 3843 ligni
2003 3744 2273 3820 alcen-

239 3871 360 3937 tro
415 3861 515 3937 ad
564 3861 1093 3962 peripheriam
1141 3860 1647 3936 continuatio.
2133 3872 2136 3875 ’

321 4004 331 4013 ’
428 3975 810 4052 Fasciculi
864 3974 1102 4073 *lignei
1134 4018 1140 4026 ·
1170 3973 1368 4050 circa
1433 3971 1867 4051 medullam
1939 3970 2276 4048 virentes

245 4102 618 4188 apparent
712 4103 789 4166 et
867 4113 1043 4166 vasa
1116 4086 1424 4191 spiralia
1505 4087 1912 4165 continent
1980 4086 2276 4186 integra
