2843 4800
998 306 1572 385 FRUCTUS.
2160 311 2306 391 351

265 507 840 608 dignoscendo,
906 508 992 583 in
1058 505 1347 603 analysi
1412 505 1759 609 partium
1839 506 2109 583 minus
2187 533 2307 585 ac-

151 615 161 629 ’
260 638 595 700 curatuS.

448 736 800 814 Nomina
849 760 1087 837 supra
1139 736 1341 812 dicta
1391 733 1807 823 retineam,
1855 738 2304 836 perembryi

252 852 641 939 radicem,
727 851 1123 948 vaginam,
1207 849 1599 951 petiolum
1681 861 1759 925 et
1828 839 2304 948 vaginulam,

250 994 442 1044 nam
509 967 667 1041 hoc
728 966 1060 1041 nomine
1131 962 1548 1041 scutellum
1625 964 2098 1040 Graminum
2171 993 2303 1069 ap-·

247 1081 727 1185 pellaverim.
840 1079 1431 1178 Cotyledonum
1492 1101 1793 1153 nomen
1858 1078 1940 1152 in
2013 1085 2303 1157 Mono-

253 1194 793 1294 cotyledoneis
859 1193 1396 1270 describendis
1478 1191 1709 1293 plane
1779 1189 2300 1289 rejiciendum

247 1309 452 1384 mihi
503 1308 830 1385 videtur.
926 1297 1748 1405 Monocotyledoneae
1810 1332 1867 1381 5.
1930 1306 2298 1406 Endoge-

249 1447 449 1498 neae
480 1423 678 1497 mihi
714 1437 898 1498 sunt
927 1422 1255 1523 plantae,
1302 1446 1507 1522 quae
1552 1421 2112 1520 perembryum
2160 1423 2297 1499 ha-

251 1535 478 1623 bent,
569 1561 772 1636 quae
864 1550 1158 1623 carent,
1241 1535 1676 1632 embryone
1758 1535 1943 1611 alias
2024 1536 2295 1613 distin-

252 1649 595 1748 guendo,
621 1651 1286 1749 Dicotyledoneae
1313 1674 1368 1723 5.
1392 1651 1854 1746 Exogeneae
1889 1649 1987 1725 de
2023 1652 2269 1728 Cand.

441 1765 1026 1866 Anamorphosi
1100 1777 1548 1839 monstrosa
1621 1762 1890 1863 plures
1964 1791 2292 1867 quoque

249 1878 721 1976 embryones
784 1881 868 1954 in
923 1877 1214 1954 eodem
1264 1877 1566 1953 semine
1615 1877 1699 1951 in
1747 1879 2290 1977 Monocotyle-

246 1991 527 2068 doneis
607 1993 749 2067 visi
825 2005 1041 2080 sunt,
1132 2000 1193 2067 e.
1267 2013 1333 2089 g.
1408 1990 1494 2064 in
1591 1989 1796 2067 Allio
1895 1990 2288 2090 fragranti.

239 2106 631 2183 Naturalis
682 2119 797 2181 est
842 2103 1447 2205 anamorphosis
1482 2130 1722 2207 quam
1757 2106 1839 2180 in
1873 2104 2287 2206 frequente

238 2221 685 2296 mutatione
734 2219 1055 2295 seminis
1103 2220 1188 2293 in
1236 2218 1666 2295 bulbillum
1713 2218 2095 2295 videmus,

426 2336 554 2410 De
605 2333 1058 2429 embryonis
1090 2333 2049 2433 Monocotyledonearum
2084 2347 2284 2410 stru·

234 2460 461 2523 ctura
529 2461 605 2523 et
658 2448 932 2523 indole
994 2448 1300 2549 primus
1365 2463 1756 2524 accuratas
1808 2450 2284 2526 observatio·

236 2583 375 2636 nes
424 2563 849 2663 proposuit
900 2566 1371 2637 Gaertnerus
1420 2564 1503 2636 in
1558 2587 1797 2661 opere
1847 2588 2081 2664 supra
2115 2563 2282 2640 lau·

237 2671 450 2750 dato.
568 2677 775 2751 Cum
839 2700 1023 2751 vero
1087 2675 1490 2752 Iussieuus
1542 2677 1946 2776 antiquam
1991 2682 2281 2752 Mono-

235 2788 936 2887 cotyledonearum
988 2804 1065 2865 et
1108 2786 1914 2885 Dicotyledonearum
1963 2788 2281 2864 divisio-

232 2924 421 2978 nem
486 2903 573 2979 in
635 2909 1063 3003 systemate
1126 2902 1460 2978 naturali
1523 2902 2010 2990 restituisset,
2070 2903 2292 2978 mul-'

230 3027 374 3103 tae,
426 3042 720 3119 eaeque
768 3016 995 3094 valde
1045 3030 1442 3093 accuratae
1492 3015 2073 3093 ohservationes
2129 3017 2276 3093 hac

234 3124 336 3202 de
384 3155 470 3205 re
518 3132 913 3207 institutae
963 3145 1165 3207 sunt.

426 3244 672 3320 Primi
721 3245 1133 3322 Mirbelius
1168 3244 1473 3343 (Annal.
1510 3242 1582 3323 d.
1617 3248 2007 3320 Museum.
2043 3248 2132 3321 T.
2160 3249 2272 3321 13.

230 3377 306 3453 p.
372 3358 491 3431 54.
556 3360 717 3433 152.
780 3361 988 3458 156.)
1069 3374 1146 3436 et
1222 3359 1554 3435 Poiteau
1619 3358 1855 3456 (ibid.
1921 3386 1992 3460 p.
2056 3359 2271 3456 381.)

225 3469 1185 3570 Monocotyledonearum
1256 3474 1713 3572 praesertim
1797 3474 2271 3550 Graminum

225 3584 886 3675 germinationem
985 3586 1516 3668 observarunt.
1656 3588 2043 3686 vaginam
2134 3614 2271 3690 pe-

223 3698 570 3796 rembryi
637 3722 782 3774 nec
825 3715 1014 3776 'non
1079 3696 1317 3796 hujus
1375 3701 1765 3801 petiolum
1826 3716 2270 3804 posuerunt

226 3810 787 3908 cotyledonem
849 3814 933 3888 in
997 3814 1428 3916 plerisque,
1490 3815 1907 3892 scutellum
1958 3843 2013 3892 5.
2063 3818 2267 3915 vagi·

223 3921 495 4000 nulam
544 3929 629 4003 in
683 3929 1215 4007 Graminibus.

409 4041 757 4120 Richard
803 4044 888 4121 in
942 4045 1330 4147 opusculo
1378 4043 1704 4123 eximio:
1782 4045 2112 4145 Analyse
2147 4045 2261 4128 du
