2843 4800
1175 337 1562 422 FoLlA.
2258 348 2400 451 1⁹⁹

337 543 492 645 dici
574 557 959 631 meretur,
1025 544 1109 618 in
1174 543 1590 642 Nepenthe
1656 541 2163 618 destillatoria
2244 569 2394 643 pro

336 672 557 760 parte
608 657 1021 757 peculiari,
1076 656 1463 732 ascidium
1517 657 1753 745 dicta,
1808 655 2312 757 descriptum.

533 773 615 847 Si
670 769 958 846 {olium
1012 770 1309 847 Abietis
1362 773 1654 874 (Antiq.
1707 764 1874 847 non
1908 772 2166 867 Linn.)
2208 793 2396 846 con-

332 911 560 988 paras
623 910 808 961 cum
876 884 1088 961 foliis
1153 886 1426 961 Piceae
1487 889 1743 987 Antiq.
1794 885 2096 961 videbis
2144 886 2394 963 hocce

334 1000 626 1076 folium
692 1000 1015 1074 nonnisi
1089 1001 1411 1100 paginas
1486 999 1897 1077 inferiores
1977 999 2410 1077 ostendere.

335 1128 414 1189 et
477 1139 567 1189 ex
632 1111 952 1188 duobus
1020 1137 1185 1189 esse
1252 1127 1721 1203 conflatum,
1796 1115 2023 1190 sicuti
2100 1112 2391 1191 folium

334 1226 610 1329 Piceae
673 1226 891 1303 albae
941 1227 1151 1325 (Pini
1207 1228 1428 1305 albae
1474 1229 1734 1329 Linn.)
1786 1255 1831 1307 e
1881 1242 2230 1332 quatuor
2269 1228 2391 1307 fo-

333 1341 458 1417 liis
510 1355 944 1418 connatam
994 1355 1125 1463 est.

338 1561 517 1651 119
553 1563 627 1649 b.
750 1562 1469 1677 Anamorphosis
1561 1559 2043 1650 foliorum
2152 1594 2389 1648 mon-

457 1718 761 1789 strosa
841 1697 956 1789 fit
1018 1706 1527 1817 partitione,
1604 1704 2016 1789 divisione
2099 1719 2385 1803 aucta,
2505 1716 2508 1727 '

457 1839 612 1929 vel
706 1843 1146 1958 impedita,
1242 1842 1925 1957 prolzferatione
1946 1908 1964 1940 ‚
2062 1822 2389 1958 crzlspci-

456 1999 693 2082 tura,
749 1982 1377 2099 phyllomanz'a‚
1448 1983 1994 2070 anthozusia.

522 2152 943 2229 Foliorum
990 2153 1307 2253 partitio
1351 2152 1756 2229 abnormis
1793 2166 1907 2228 est
1940 2176 2126 2227 cum
2169 2151 2396 2253 apice

333 2270 436 2345 ita
488 2266 971 2353 dividuntur,
1021 2280 1112 2342 ut
1158 2267 1427 2368 plures
1476 2269 1747 2343 sistant
1797 2267 2071 2369 apices.
2160 2264 2386 2364 Ejus-

331 2383 560 2461 modi
607 2381 899 2459 folium
947 2382 1324 2483 partitum
1375 2382 1617 2460 habes
1669 2383 1880 2485 apud
1921 2386 2386 2474 Bonnetum

337 2498 829 2599 (Recherch2
874 2522 928 2572 s.
995 2497 1276 2595 l’usage
1345 2497 1484 2573 des
1546 2497 1850 2575 seuilles
1899 2512 1948 2573 t.
1999 2502 2116 2574 31.
2164 2495 2215 2572 f.
2265 2497 2382 2595 2.)

340 2627 417 2688 et
497 2613 750 2688 simile
830 2636 874 2688 e
946 2617 1415 2687 Muscorum
1492 2614 1728 2688 classe
1794 2611 2005 2714 apud
2070 2610 2384 2694 Hedwi-

335 2729 560 2827 gium
641 2728 946 2825 (Descr.
1026 2731 1272 2802 Musa
1355 2724 1619 2802 frond.
1705 2732 1794 2804 T.
1857 2730 1925 2802 5.
1999 2723 2050 2798 f.
2115 2726 2232 2821 8.)
2297 2726 2382 2801 in

336 2848 922 2940 Gymnostomo
974 2855 1339 2916 truncato
1389 2856 1814 2943 repertum.
1897 2837 2381 2937 Hujusmodi

331 2957 592 3034 forma
644 2956 1017 3032 naturalis
1068 2980 1237 3031 non
1290 2958 1651 3031 occurrit.

527 3072 829 3147 Divisio
897 3085 1118 3147 aucta
1181 3071 1264 3145 in
1332 3070 1604 3145 multis
1658 3069 2116 3144 observatur
2147 3090 2387 3167 *prae-

338 3187 602 3261 sertim
666 3187 1045 3262 arborum
1111 3200 1558 3261 nostratum
1620 3181 1851 3258 foliis.
1967 3181 2093 3256 Sic
2141 3180 2380 3255 habe-

335 3326 518 3375 mus
596 3306 899 3398 Fragum
983 3301 1430 3397 sylvaticam
1504 3295 1985 3382 laciniatam,
2082 3287 2378 3371 Alnum

334 3416 812 3514 glutinosam
861 3414 1334 3503 laciniatam,
1388 3413 1879 3490 Sambucum
1921 3408 2380 3498 laciniatam‚

335 3531 596 3605 Vitem
646 3528 1087 3605 laciniatam
1139 3542 1276 3604 etc.
1377 3527 1871 3625 Singularem
1913 3525 2000 3599 in
2034 3525 2380 3601 Diantho

338 3642 867 3744 Garyophyllo
916 3641 1128 3718 foliis
1175 3640 1813 3742 subpinnatifidis
1870 3641 2170 3716 laciniis
2228 3641 2380 3740 spi-

260 3809 269 3815 -
335 3759 838 3860 neseentibus
915 3758 1212 3833 indicat
1274 3756 1760 3831 Trattinnick
1839 3757 2118 3853 (Flora
2182 3752 2384 3829 oder

335 3874 496 3947 bot.
552 3873 888 3970 Zeitung
934 3870 985 3948 fi
1037 3873 1246 3948 1821.
1296 3896 1371 3971 p.
1421 3871 1657 3967 717.)
1752 3874 1847 3947 In
1885 3870 2152 3945 Solani
2186 3868 2380 3946 Dul-

338 4011 690 4063 camarae
738 3985 951 4063 foliis
1003 4000 1080 4061 et
1131 3985 1504 4082 Syringae
1550 3985 1898 4086 persicae
1943 3984 2108 4060 sere
2157 3999 2380 4061 natu-

284 4157 289 4160 -
338 4100 521 4192 ralis
572 4116 704 4178 est.
768 4101 1231 4178 ‘Transitum
1260 4099 1556 4177 indicat
1588 4099 1688 4176 ad
1722 4101 1952 4176 aliam
1985 4100 2346 4200 speciem.
