2843 4800
1036 370 1041 379 ·
1078 329 1420 406 GEMM
1436 330 1519 404 A.
1563 344 1570 351 ’
2169 327 2313 400 221

273 534 465 612 cteis
535 531 978 606 instructae.
1097 529 1312 606 Inter
1383 525 1690 602 caulem
1764 541 1841 602 et
1919 549 2318 626 gemmam

275 651 504 725 istam
569 641 1007 721 floriferam
1070 666 1339 717 ramus
1424 639 1778 738 emergit,
1831 665 2318 743 quamquam

276 786 588 861 gemma
640 781 811 833 non
857 744 1229 831 inclusus.

468 873 748 951 Filices
849 883 927 946 et
1016 867 1270 945 Musei
1363 867 1698 965 gemmis
1787 891 1956 943 non
2038 880 2318 943 carent.

274 989 531 1066 Musei
595 982 949 1086 hepatici.
995 1005 1345 1080 gemmas
1394 981 1690 1059 habent
1735 1006 1904 1058 non
1950 1006 2131 1057 raro
2180 1007 2319 1082 py-

276 1101 458 1178 xide
517 1099 844 1176 foliaeea
880 1094 1245 1170 ⁴inclusas
1309 1095 1581 1193 (114),
1642 1116 1784 1170 seu
1829 1096 2098 1197 potius
2144 1095 2320 1171 hul-

277 1215 430 1291 hos
494 1206 678 1289 cum
738 1212 824 1285 in
889 1209 1055 1311 ipsa
1118 1208 1380 1311 planta
1430 1209 1667 1307 vulgo
1719 1234 1888 1289 non
1939 1208 2319 1311 explican-

275 1342 441 1416 tur,
490 1326 631 1402 sed
678 1326 882 1400 intra
931 1336 1220 1398 terram
1272 1322 1692 1399 demersae.

474 1439 856 1515 Lichenes
920 1436 1294 1513 crustacei
1354 1437 1502 1513 toti
1545 1437 1842 1537 'quanti
1893 1461 1937 1513 e
1985 1438 2317 1536 gemmis

283 1565 647 1629 constant
712 1552 1187 1653 ‚aggregatim
1280 1548 1594 1627 foliacei
1686 1575 1874 1627 vero
1968 1575 2320 1650 gemmas

280 1662 701 1768 proferunt
745 1666 992 1763 magis
1038 1665 1401 1740 minusve
1451 1663 1816 1762 globosas
1864 1665 1950 1739 in
1982 1666 2319 1742 thallum

282 1778 705 1855 foliaceum
756 1778 1265 1880 explicandas,
1360 1780 1429 1853 Ε
1477 1777 1851 1855 lateribus
1882 1778 2099 1855 thalli
2133 1805 2321 1881 pro-

280 1893 627 1969 veniunt.
848 1908 855 1919 ·
974 1962 978 1966 .

470 2006 708 2105 Algae
776 2006 1237 2108 pleraeque,
1314 2005 1436 2081 uti
1513 2005 1854 2094 videtur,
1927 2006 1992 2081 si
2053 2002 2372 2101 ramos²

280 2135 539 2220 agunt,
590 2146 634 2197 e
679 2145 1003 2196 verruca
1051 2120 1266 2220 ipsos
1304 2108 1781 2221 pinducunt,
1824 2144 2065 2222 quam
2105 2130 2320 2218 gein-

279 2260 498 2311 mam
564 2235 868 2311 dixeris.
978 2236 1286 2310 Desunt
1349 2232 1758 2331 ejusmodi
1805 2256 2164 2334 gemmae
2236 2234 2321 2309 in

282 2348 805 2451 simplicibus;
866 2349 977 2423 in
1014 2348 1345 2424 ramosis
1413 2346 1890 2450 quibusdam
1938 2345 2320 2468 minimae

286 2478 501 2552 sunt,
548 2479 641 2540 ut
688 2463 859 2540 de
836 2488 1189 2565 lpsarum
1236 2464 1670 2563 praesentia
1723 2462 2053 2540 dubites).

478 2579 734 2675 Fungi
785 2577 931 2653 soli
981 2577 1315 2675 gemmis
1363 2577 1594 2678 plane
1630 2592 1909 2666 carent,
1941 2577 2139 2670 rami
2173 2577 2320 2652 im-

284 2690 628 2769 mediate
677 2705 1104 2790 emergunt.
