2843 4800
995 347 1481 425 PLANT‘A.
1767 406 1772 413 -
2171 348 2273 427 '45

216 576 338 629 res
398 547 937 627 necessarium
999 563 1132 627 est.
1230 551 1600 650 Augustis
1648 571 1836 632 vero
1886 548 2270 631 limitibus

217 666 704 744 differentias
766 689 934 741 esse
964 663 1334 753 sinclusas
1384 679 1730 767 oportet,
1779 691 1882 745 ne
1934 665 2271 746 dissimi-

214 782 326 859 les
400 780 602 857 fiant
668 781 967 882 species
1041 794 1120 857 et
1190 777 1294 857 ad
1368 781 1613 857 alium
1688 779 2059 860 ordinem
2149 796 2302 861 ac-'

215 895 517 973 cedant.
2288 981 2302 999 ἡ

414 1014 667 1111 Saepe
734 1007 1224 1088 differentiae
1287 1010 1531 1087 unius
1605 1010 2015 1089 alteriusve
2089 1013 2269 1091 cha-

217 1125 535 1202 racteris
589 1124 1182 1222 'angustissimis
1255 1124 1637 1221 limitibus
1709 1126 1993 1203 inclusi
2064 1142 2270 1219 sunt,

219 1240 323 1315 ita
370 1253 464 1315 ut
506 1235 703 1314 inde
751 1236 891 1314 fiat
940 1238 1334 1316 character
1382 1240 1826 1317 essentialis.
1912 1242 2041 1319 Sic
2076 1250 2268 1322 Gra-

218 1355 540 1431 minum
647 1353 1045 1430 character
1137 1355 1562 1431 essentialis
1643 1358 1729 1432 in
1813 1356 2114 1435 florum
2195 1374 2274 1436 et

217 1468 531 1544 fructus
560 1464 817 1543 forma
850 1469 1156 1571 positus
1202 1483 1335 1555 est,
1382 1469 1963 1549 Orchidearum
1997 1489 2074 1551 et
2108 1475 2270 1551 Sci-

221 1584 745 1659 taminearum
795 1582 881 1658 in
928 1582 1167 1672 flore,
1224 1584 1921 1663 Umbelliferarum
1967 1590 2055 1664 in
2102 1588 2270 1666 fru-

223 1713 364 1775 ctu
414 1712 490 1773 et
518 1696 1110 1787 inflorescentia‚
1140 1699 1855 1797 Leguminosarum
1887 1703 1972 1777 in
2005 1701 2272 1782 fructu

221 1829 325 1891 et·
362 1811 584 1891 floris
644 1808 906 1887 forma
960 1827 1038 1888 et
1083 1812 1191 1887 sic
1239 1838 1511 1913 porro,
1604 1812 1893 1889 Differt
1940 1816 2271 1917 quidem

218 1928 569 2009 umbella
632 1930 719 2004 in
766 1927 1043 2028 quavis
1093 1927 1350 2029 specie
1411 1928 2107 2006 Umbelliferarum
2141 1931 2268 2005 'ab

223 2047 367 2123 alia
432 2041 675 2142 hujus
740 2039 1046 2118 ordinis
1108 2041 1492 2130 umbella,
1566 2044 1707 2120 sed
1783 2042 2274 2120 differentiae

222 2160 657 2237 levissimae
723 2169 943 2242 sunt,
1028 2168 1105 2230 et
1166 2155 1276 2230 sic
1339 2155 1426 2230 in
1479 2158 1994 2258 CompositiS,
2070 2158 2272 2235 aliis·

223 2300 398 2377 que.
522 2272 1014 2371 Plerumque
1094 2268 1573 2346 characteres
1651 2270 1757 2347 ita
1842 2272 2274 2373 comparati

221 2405 436 2477 sunt,
485 2400 581 2465 ut
627 2384 919 2461 multas
970 2381 1451 2462 differentias
1499 2411 1667 2463 non
1720 2384 2151 2464 admittant.

220 2542 231 2549 ·
290 2561 299 2564 -
380 2501 765 2580 -Ordines
818 2500 1256 2574 charactere
1307 2501 1693 2576 essentiali
1725 2501 2071 2599 insigniti
2104 2527 2273 2576 ma-

223 2620 345 2718 gis
396 2630 581 2692 sunt
629 2613 1020 2690 evidentes
1070 2638 1158 2689 ac
1205 2613 1516 2716 reliq-ui.
1608 2616 1741 2690 Sic
1795 2616 2272 2693 Graminum

226 2731 438 2808 ordo
494 2743 610 2804 sat
659 2728 968 2804 evidens
1021 2742 1153 2814 est,
1199 2729 1472 2805 minus
1506 2754 1693 2806 vero
1733 2730 2272 2817 Liliacearum,

222 2847 363 2951 qui
418 2867 751 2948 quoque
797 2842 1022 2917 variis
1069 2841 1336 2917 modis
1388 2842 1873 2921 dividuntur.

411 2963 537 3037 In·
577 2957 938 3061 quolibet
999 2954 1283 3032 ordine
1331 2957 1666 3032 naturali
1717 2959 2011 3059 species
2058 2958 2275 3031 inve-

224 3075 585 3162 niuntur,
674 3096 846 3147 non
928 3071 1033 3147 ita
1105 3068 1438 3156 multae,
1513 3087 1716 3172 quae
1790 3068 2276 3172 quibusdam

228 3188 802 3264 characteribus
835 3184 1153 3282 longius
1185 3181 1588 3261 recedunt.
1674 3184 1801 3260 Sic
1832 3174 2272 3280 Eryngium

224 3305 435 3380 inter
502 3298 1086 3387 UmbelliferaS,
1158 3300 1454 3375 Bunias
1532 3299 1772 3376 inter‘
1813 3295 2276 3386 CruciseraS,

223 3415 766 3517 Pentapetalae
816 3413 1210 3511 regulares
1257 3407 1466 3489 inter
1509 3415 2077 3512 Leguminosas
2145 3437 2275 3489 oc-

227 3544 574 3607 currunt.
682 3533 842 3604 Has
872 3527 1186 3627 'species
1236 3523 1663 3605 Cranzium
1710 3519 2089 3605 imitaturi
2138 3529 2278 3605 Iza-

228 3629 422 3706 bitus
472 3626 1034 3732 delz'quesoentels
1086 3625 1463 3715 dicamuS,
1515 3651 1702 3702 cum
1731 3627 2081 3729 reliquae
2120 3625 2280 3700 sint

226 3740 529 3824 habitus
576 3741 901 3846 genm‘ni.

420 3856 509 3933 Si
566 3855 1052 3932 characteres
1134 3854 1576 3932 essentiales
1655 3853 1979 3943 adsunt,
2057 3867 2133 3929 et
2189 3851 2277 3929 hi

227 3994 559 4075 quoque
610 3995 654 4047 a
703 3969 941 4054 solito
991 3968 1271 4050 modo,
1298 3968 1700 4058 recedunt,
1741 3969 1940 4046 dum
1988 3967 2276 4071 reliqui

224 4085 422 4165 intra
472 4085 810 4164 solitum
857 4084 1285 4188 persistunt
1322 4082 1701 4162 ‘modum
