2843 4800
981 350 1554 429 FRUCTUS.
2145 354 2293 431 815

1198 861 1341 989 X.

596 1055 1805 1199 ‘FRUCTUS

249 1453 981 1556 180.Fruct1'es
1050 1479 1445 1558 constat
1520 1497 1574 1558 e
1670 1467 2056 1559 semine
2152 1497 2296 1560 se-

178 1593 181 1596 ’
374 1601 935 1726 minibusve
999 1622 1231 1732 post
1290 1603 1658 1736 11010111
1704 1607 2018 1699 enatis
2064 1627 2298 1701 011111

266 1725 371 1798 L'
373 1741 857 1862 ipsorum
888 1747 1619 1862 integumentis,

430 1915 776 1989 Fructus
852 1939 897 1992 e
961 1919 1298 2008 semine,
1373 1921 1534 1996 sive
1598 1918 2071 2020 perimit-pic,
2140 1918 2301 1995 sive

248 2049 416 2105 non
501 2042 830 2120 tectum,
906 2030 1413 2131 dignoscitur.
1529 2034 1858 2110 Linnaez
1896 2035 2100 2110 Phil.
2154 2033 2298 2110 bot.

247 2143 306 2239 ἓ.
352 2146 477 2219 88.
535 2147 647 2218 12.

441 2261 777 2335 Fructus
824 2263 1188 2363 simplices
1236 2278 1465 2340 vocat
1516 2266 1898 2339 Gaertner
1945 2221 2099 2361 (De
2137 2262 2303 2337 fru-

250 2372 507 2448 ctibus
545 2387 621 2449 et
651 2376 1084 2451 seminibus
1118 2377 1583 2479 plantarum.
1639 2375 2058 2476 stuttgard.
2094 2377 2303 2454 1788.

250 2490 316 2562 4.
377 2491 475 2566 V.
544 2494 608 2563 1.
669 2508 761 2591 p.
803 2491 1106 2589 Lxx.)‚
1171 2492 1308 2593 qui
1375 2517 1467 2567 ex
1524 2517 1696 2568 uno
1756 2492 1961 2568 flore
2011 2505 2088 2568 et
2132 2516 2303 2569 uno

251 2603 525 2679 ovar-io
577 2629 720 2679 seu
768 2606 1121 2702 germine
1168 2604 1593 2706 perficitur.
1661 2652 1665 2659 ·

444 2719 780 2794 Fructus
855 2721 1245 2820 multiplea·
1317 2716 1675 2814 ejusdem
1753 2718 2096 2792 auctoris
2173 2733 2306 2805 est,

251 2834 387 2935 qui
464 2857 508 2907 e
572 2832 896 2909 duobus
964 2847 1100 2908 aut
1158 2832 1536 2934 pluribus
1586 2831 2075 2929 germinibus
2153 2833 2309 2908 sin-

249 2947 412 3043 guli
477 2946 699 3022 floris
749 2948 1152 3023 enascitur.
1257 2950 1462 3021 Sunt
1512 2958 1645 3020 aut
1695 2936 2027 3034 discreti,
2076 2962 2169 3023 ut
2215 2948 2301 3022 in

249 3062 907 3152 Ranunculaceis,
974 3076 1110 3138 aut
1159 3059 1580 3137 coadunati
1631 3060 1755 3135 vel
1806 3057 2198 3158 conjugati
2236 3073 2313 3135 et

250 3188 449 3248 tunc
525 3173 844 3251 difficile
933 3203 974 3253 a
1056 3174 1508 3279 pericarpiis
1592 3174 2310 3250 multilocularibus

257 3286 870 3383 distinguuntur.
966 3289 1589 3394 Respiciendum
1636 3313 1825 3365 vero
1880 3303 1995 3365 est
2043 3288 2143 3364 ad
2183 3315 2314 3365 so—

174 3399 178 3402 ’
252 3401 651 3477 lurionem
729 3403 1143 3502 partium.
1184 3420 1360 3481 tum
1429 3402 2025 3479 adnumerum
2076 3403 2312 3501 stylo-

254 3514 474 3602 rum,
527 3515 665 3616 qui
716 3540 904 3592 cum
949 3520 1307 3618 partibus
1354 3516 1659 3595 fructus
1710 3518 2127 3595 conveniat
2173 3541 2310 3592 ne·

260 3655 474 3708 cesse
541 3644 687 3717 est,
756 3645 890 3706 aut
950 3633 1015 3707 si
1062 3633 1348 3707 unicus
1395 3647 1740 3722 tantum,
1793 3633 2008 3733 apice
2057 3632 2143 3705 in
2192 3642 2315 3706 tot

256 3759 516 3846 partes
601 3744 998 3822 dividatur
1079 3744 1258 3845 (cfr.
1341 3746 1689 3826 Richard
1783 3747 2115 3842 Analyse
2198 3742 2315 3820 du

257 3854 449 3938 fruit
512 3888 586 3962 p.
659 3849 847 3959 21.)
968 3864 1303 3938 Fructus
1374 3860 1719 3947 lobatos,
1796 3883 2002 3961 quos
2031 3874 2313 3959 ‘jvocat,

259 3975 612 4072 partibus
680 4000 947 4052 versus
1012 3999 1232 4053 axem
1301 3995 1820 4051 communem
1881 3971 2131 4070 magis
2183 3997 2316 4048 co·

260 4086 803 4180 haerentibus,
863 4116 1031 4169 non
1066 4090 1634 4192 separaverim.
1747 4090 2080 4184 Fructus
2117 4112 2314 4191 ⁸par·-
