2843 4800
998 271 1573 390 rnucrus
2162 314 2310 389 mm

265 513 678 602 deficiunt,
758 526 851 588 ut
912 508 998 586 in
1065 512 1440 600 Cuscuta,
1530 511 1997 599 Melocacto,
2073 515 2310 590 Taxo.

259 627 677 708 Interdum
751 651 988 727 supra
1071 640 1360 703 terram
1436 652 1605 702 non
1680 625 2110 714 elevantur,
2172 625 2315 704 sed

260 744 408 820 sub
475 756 678 818 terra
742 739 1196 817 reconditae
1257 754 1757 843 permanent,
1825 764 2315 841 quamquam

259 858 789 933 intumescant
878 868 956 930 et
1046 869 1482 931 accrescant
1554 854 1815 950 (Vicia
1901 852 2318 954 aliaeque).

258 970 689 1048 Rarissime
740 967 945 1043 duae
996 967 1300 1055 adsunt,
1337 992 1542 1069 quae
1573 993 1761 1044 vero
1792 966 1992 1043 dum
2027 990 2317 1044 accres-

263 1091 487 1173 cunt,
553 1081 978 1159 confluunt
1039 1094 1117 1157 et
1177 1096 1794 1170 connascun'tur,
1842 1095 1936 1157 ut
1981 1080 2065 1155 in
2117 1086 2320 1156 Tro-

262 1199 574 1301 paeolo.
702 1195 952 1273 Unica
1033 1193 1254 1271 adest
1335 1195 1420 1271 in
1521 1195 1889 1294 Corydali
1962 1194 2324 1284 bulbosa,
2395 1251 2402 1258 -

268 1336 417 1387 nec
466 1334 638 1386 non
685 1309 771 1384 in
818 1309 1081 1384 Bunio
1128 1308 1744 1397 Bulhocastano,
1793 1306 1934 1385 sed
1986 1311 2318 1408 embryo

270 1424 636 1501 evolutus
682 1445 830 1497 nec
854 1421 1301 1498 involutus.
1404 1422 1814 1521 Singulare
1864 1437 2127 1499 tamen
2188 1439 2322 1513 est,

269 1553 696 1636 utramque
742 1535 1091 1635 plantam
1139 1535 1431 1612 habere
1481 1533 1828 1611 radicem
1862 1536 2326 1615 tuberosam

276 1664 354 1726 et
413 1650 637 1752 prior
696 1648 1057 1745 vaginam
1104 1648 1561 1738 radicalem,
1613 1648 1847 1750 altera
1896 1646 2088 1728 folia
2139 1654 2328 1730 suh-,

270 1766 677 1863 vaginata..
772 1775 779 1779 “
950 1831 957 1838 .

475 1878 891 1977 Contigucoe
969 1891 1389 1967 vocantur,
1471 1901 1676 1980 quae
1758 1877 2039 1980 pagina
2128 1879 2328 1958 inte·-

267 1983 485 2070 riore
532 2011 709 2067 sese
749 2005 1038 2067 mutuo
1092 1990 1592 2089 contingunt,
1646 1995 2058 2094 oppositae,
2123 2016 2328 2094 quae
2459 1997 2464 2002 ’

269 2109 552 2210 pagina
617 2105 994 2181 interiore
1043 2130 1212 2183 sese
1260 2106 1723 2207 respiciunt,
1771 2105 1914 2184 sed
1964 2107 2070 2183 oh
2120 2121 2328 2182 mar-¹

272 2224 495 2321 gines
565 2218 900 2296 inflexos
975 2244 1142 2296 sese
1214 2245 1383 2296 non
1470 2220 1776 2321 ubique
1836 2221 2325 2318 contingunt,

271 2337 732 2415 collaterales
754 2393 778 2423 ,
878 2358 1082 2435 quae
1170 2335 1662 2433 marginibus
1758 2359 1926 2413 sese
2019 2348 2332 2414 tantum

277 2449 777 2545 contingunt,
840 2451 1312 2548 dz‘oergentoe,
1379 2474 1586 2548 quae
1660 2448 1827 2526 basi
1902 2474 2072 2527 sese
2145 2470 2335 2527 con-

276 2566 621 2662 tingunt,
701 2583 1039 2663 superne
1091 2560 1599 2658 divergentes.

471 2675 989 2753 Incumbentes
1037 2687 1252 2761 sunt,
1304 2698 1491 2748 cum
1543 2672 1774 2749 altera
1829 2676 2181 2764 dorsum,
2229 2675 2337 2751 al-

278 2806 444 2868 tera
476 2805 835 2887 ventrem
865 2787 1190 2865 seminis
1221 2787 1552 2889 respicit,
1578 2788 2108 2876 accumbentes,
2148 2812 2336 2873 cum

281 2920 624 3006 utraque
670 2903 910 2980 latera
960 2901 1285 2978 seminis
1332 2901 1669 3000 respicit,
1719 2903 2111 3000 margines
2144 2892 2334 2979 vero

282 3020 528 3093 dorso
583 3032 660 3092 et
704 3017 956 3093 ventri
992 3017 1533 3102 obvertuntur,
1568 3020 2110 3103 transversaleS,
2148 3042 2337 3092 cum
2468 3044 2472 3048 ·

283 3129 714 3228 obliquum
764 3144 898 3207 aut
945 3129 1458 3229 irregularem
1506 3128 1802 3207 habent
1850 3129 2110 3206 situm.
2298 3148 2306 3157 '

482 3244 758 3319 Rectae
815 3246 1321 3345 reperiuntur
1384 3257 1522 3320 aut
1579 3259 1936 3322 arcuatae
1993 3245 2043 3319 i.
2111 3267 2172 3319 e.
2222 3267 2340 3325 se-,

288 3353 653 3436 cundum
716 3355 1302 3452 longitudinem
1364 3356 1645 3445 flexae,
1715 3373 1791 3434 et
1839 3357 2170 3460 quidem
2218 3383 2341 3435 re-

287 3469 712 3556 nitormes,
772 3467 1113 3558 falcatae,
1163 3471 1806 3562 semicirculareS,
1898 3474 2342 3551 cochleatae

287 3585 335 3658 i.
405 3607 466 3657 e.
530 3583 616 3656 in
679 3583 971 3687 spiram
1023 3584 1523 3671 convolutae,
1571 3585 2157 3674 vermiculares3
2210 3600 2345 3663 aut

268 3700 677 3801 flexuosae
722 3698 768 3772 i.
823 3697 1375 3773 e.·secundum
1427 3699 1922 3776 latitudinem
1972 3702 2217 3778 flexae
2268 3715 2344 3775 et

293 3811 628 3911 quidem
697 3812 1110 3900 carinatae,
1176 3812 1238 3887 si
1288 3827 1623 3913 utraque
1675 3816 2052 3911 angulum
2105 3814 2344 3891 efficit

295 3924 657 3999 cruribus
709 3927 855 4003 sibi
909 3950 1076 4000 non
1128 3928 1536 4027 appositis,
1590 3928 2213 4030 conduplicatae,
2280 3932 2344 4006 si

300 4037 680 4133 angulum
734 4037 975 4131 efficit
1023 4041 1384 4118 cruribus
1434 4043 1582 4119 sibi
1637 4042 2026 4143 appositiS‚
2069 4066 2345 4147 repan-
