2843 4800
511 331 615 423 24
1288 331 1769 412 PLANTA.

458 604 467 611 .
514 540 721 618 sent,
768 527 921 604 nisi
970 527 1069 606 ab
1130 526 1470 603 invicem
1537 543 1794 607 essent
1856 545 2248 624 remotae,
2313 558 2558 634 quam

515 642 625 721 ob
685 666 861 719 rem
917 640 1208 718 multas
1270 641 1641 719 exhibent
1687 644 2188 746 superficies:
2293 649 2561 724 Theo-

510 755 714 832 riam
788 757 1006 833 hanc
1105 756 1303 832 olim
1410 752 1571 853 jam
1667 761 2054 861 proposui
2153 753 2558 859 (Gilbert's

509 868 784 947 Annal.
859 869 932 946 d.
1004 870 1296 970 Physik
1369 872 1460 944 T.
1524 873 1642 947 25.
1707 899 1782 974 p.
1844 875 1997 972 33.)
2061 888 2332 951 contra
2373 900 2559 963 ,eoS,

510 982 651 1084 qui
714 984 1208 1062 'soliditatem
1286 980 1767 1085 primitivam
1838 1002 2119 1089 putant
2187 990 2560 1065 materiae

510 1096 997 1198 qualitatem,
1099 1097 1325 1175 nullo
1408 1096 1588 1175 freti
1672 1115 2164 1197 argumento.
2229 1117 2347 1179 sat
2431 1126 2557 1179 so-

506 1206 698 1289 lido.
813 1211 897 1289 si
960 1213 1120 1288 hoc
1180 1214 1476 1295 modo
1509 1212 1685 1290 solo
1747 1211 1975 1290 fieret
2031 1213 2233 1315 fibra
2281 1215 2558 1306 solida,

505 1324 781 1421 flexilis
829 1350 1144 1428 semper
1189 1325 1454 1419 foret3¹
1490 1325 1839 1426 rigiditas
1898 1328 2164 1430 itaque
2229 1327 2375 1406 alia
2443 1340 2560 1407 est

370 1446 373 1447 ’
506 1446 938 1542 corporum
1010 1440 1341 1544 qualitas
1406 1467 1455 1525 e
1513 1439 2078 1546 particularum
2148 1444 2557 1546 polaritate

505 1552 868 1632 oriunda.
910 1571 915 1575 ’
2329 1560 2332 1563 ’

560 1680 565 1683 ’
693 1667 1202 1746 Mineralium
1250 1667 1608 1748 lamellae
1657 1666 1823 1746 fere
1870 1694 2186 1773 semper
2216 1696 2385 1749 sese
2421 1670 2555 1749 de-

504 1784 849 1872 cassant,
900 1782 1128 1887 quod
1175 1782 1350 1860 fieri
1397 1809 1569 1863 non
1617 1784 1901 1886 possit,
1950 1785 2103 1861 nisi
2154 1786 2238 1860 in
2284 1787 2553 1888 primo

502 1896 709 1973 statu
780 1895 1029 1975 fibrae
1107 1896 1459 1974 fuissent.
1594 1898 1940 1976 Lamella
2023 1898 2240 1976 enim
2322 1899 2555 1975 aliam

500 2009 931 2089 formatam·
995 2025 1407 2114 penetrare
1481 2011 1778 2114 nequit.
1884 2010 2304 2111 Ejusmodi
2364 2038 2554 2089 vero

504 2124 945 2202 decussatio
1008 2124 1378 2202 facillime
1440 2126 1723 2214 oritur,
1790 2127 1853 2201 si
1904 2123 2154 2203 fibrae
2202 2139 2554 2201 remotae

502 2252 1008 2329 enascuntur,
1071 2253 1148 2317 et
1210 2240 1308 2315 ab
1374 2238 1544 2315 aliis
1605 2238 1964 2316 similiter
2023 2239 2352 2316 remotis
2419 2238 2555 2315 de-

502 2366 947 2443 cussantur,
1031 2377 1236 2456 quae
1315 2352 1642 2431 tandem
1726 2368 2029 2443 auctae,
2121 2352 2553 2429 interstitiis

498 2467 813 2570 repletis
872 2468 1221 2545 lamellas
1270 2468 1560 2545 sistunt
1605 2491 1771 2545 sese
1825 2467 2343 2543 decussanteS.
2411 2469 2554 2542 ‘In

501 2581 975 2684 corporibus
1025 2583 1415 2682 organicis
1458 2579 1852 2680 ejusmodi
1886 2580 2386 2659 lamellarum
2419 2578 2556 2657 de-

500 2696 836 2774 cussatio
900 2720 1070 2773 non
1118 2696 1538 2797 reperitur,
1587 2695 1775 2772 hinc
1823 2720 1996 2774 non
2048 2710 2194 2786 est,
2246 2716 2396 2792 curt*
2421 2693 2555 2770 ‘di-

501 2835 660 2899 caS‚
733 2835 1020 2889 eorum
1092 2812 1350 2914 prima
1421 2807 1922 2889 rudimenta·
1964 2809 2204 2886 fibras
2263 2807 2551 2884 fuisse.

496 2930 767 3004 Potest
829 2928 1047 3004 enim
1104 2924 1574 3004 membrana
1620 2927 1741 3003 uti
1793 2950 2028 3026 supra
2075 2919 2456 3009 vidimu3,
2508 2944 2552 2997 e

498 3065 837 3144 corpore
898 3039 1157 3118 fluido
1210 3039 1474 3116 statim
1524 3039 1748 3126 oriri,
1809 3061 1958 3112 nec
2008 3058 2216 3136 opus
2265 3047 2413 3123 est,
2460 3047 2576 3111 ut·

499 3180 545 3232 e
623 3154 848 3231 fibris
929 3153 1206 3230 solidis
1289 3162 1839 3250 componatur.
1968 3151 2299 3230 Format
2358 3172 2550 3223 vero

497 3268 962 3344 membrana
1032 3264 1395 3351 tubulos,
1470 3285 1677 3363 quos
1749 3259 1990 3366 fibras
2062 3261 2263 3338 vit-ae
2338 3275 2551 3365 aptas

499 3381 803 3459 dixeris,
964 3393 967 3396 ’
1749 3374 1767 3388 ’
2031 3413 2038 3422 ·
2471 3387 2478 3396 ’

687 3489 1189 3572 Ramificatio
1301 3501 1419 3565 est
1522 3512 1961 3591 corporum
2065 3486 2549 3579 naturalium

496 3621 885 3687 structura
932 3600 1413 3681 universalis.
1493 3602 1884 3681 Videmus
1915 3602 2171 3705 ipsam
2201 3600 2287 3676 in
2325 3599 2550 3677 fibris

499 3721 1047 3823 crystallorum
1147 3717 1300 3794 sub
1383 3715 1602 3794 vario
1688 3716 1980 3816 angulo
2047 3715 2549 3820 compositiS,

501 3836 724 3939 quod
809 3832 1142 3936 quidem
1221 3832 1309 3908 in
1391 3831 2028 3930 crystallisatione
2091 3829 2548 3933 imperfecta

501 3976 564 4026 e.
614 3974 681 4050 g.
730 3946 1005 4049 glaciei
1050 3946 1534 4026 formatione
1578 3946 1666 4022 in
1701 3939 2545 4046 conspectum-prodit.

502 4068 593 4142 ln
643 4063 928 4167 plantis
976 4063 1374 4143 luculenta
1426 4071 1544 4140 est
1571 4058 2037 4138 ramificatio
2071 4055 2546 4135 tubulorum
