2843 4800
546 324 695 398 306
1368 307 1741 392 'FLosp

551 516 1073 604 adscendens,
1147 530 1283 592 aut
1355 514 1823 604 declinatus,
1901 515 2157 591 rarius
2240 513 2606 608 directio*

545 662 740 714 nem
811 661 856 711 a
930 631 1353 709 filamentis
1425 629 1742 705 'deviam
1815 628 2073 705 habet.
2196 632 2354 706 Aut
2415 631 2606 732 ipsis

550 752 872 848 longior
922 761 1053 836 est,
1104 761 1240 821 aut
1283 744 1621 830 brevior,
1656 743 1793 819 sed
1828 740 2256 842 longitudo
2289 745 2606 832 incerta,

550 866 659 943 it'a
721 878 816 940 ut
873 864 1001 937 vix
1052 861 1263 935 dicas
1315 884 1519 934 num
1565 858 1652 932 in
1698 858 2075 935 Primulis
2122 859 2421 959 species
2473 873 2608 934 aut

553 979 881 1055 varietas
926 975 1118 1052 inde
1168 972 1612 1048 definiatur.

473 1263 478 1268 ·
553 1239 762 1372 176.
889 1235 1231 1353 sagma
1270 1230 1660 1350 papillis
1702 1197 2282 1347 insignitum
2326 1230 2605 1323 haud

683 1375 1231 1466 discretum
1299 1383 1450 1460 est
1511 1400 1569 1461 a
1631 1373 1910 1488 stylo.

509 1645 524 1655 ·
751 1548 1048 1647 Stigma
1094 1542 1419 1647 proprie
1471 1541 1906 1619 dicendum
1956 1561 2157 1623 esset
2200 1571 2380 1647 pars
2430 1548 2604 1645 styli

550 1665 861 1770 papillis
912 1661 1184 1739 obsita.
1283 1662 1494 1735 Cum
1543 1682 1733 1732 vero
1769 1682 2002 1760 saepe
2030 1679 2336 1757 magna,
2374 1683 2608 1763 saepe

551 1799 833 1885 parva,
897 1800 1129 1876 saepe
1193 1774 1527 1849 minima
1592 1797 1770 1873 pars
1848 1774 2022 1869 styli
2102 1775 2316 1849 hisce
2382 1777 2605 1852 obte-

552 1912 813 1996 gatur,
880 1917 1066 1967 cum
1114 1887 1520 1964 interdum
1580 1886 1813 1962 variis
1859 1887 2056 1963 locis
2102 1888 2438 1990 papillae
2483 1892 2605 1964 in-

551 2011 1003 2092 veniantur,
1084 2027 1272 2079 cum
1347 2026 1624 2076 earum
1699 2002 1926 2103 copia
2000 2003 2293 2078 sensim
2371 2003 2608 2079 dimi-

552 2136 880 2209 nuatur,
945 2119 1204 2194 donec
1269 2115 1532 2190 nullae
1591 2117 1878 2217 insint„
1929 2116 2157 2191 liceat
2206 2142 2391 2192 cum
2440 2119 2607 2219 ple-

551 2237 822 2338 risque
872 2231 1438 2310 extremitatem
1487 2229 1662 2325 styli
1709 2230 1989 2327 stigma
2036 2256 2318 2306 vocare
2625 2307 2632 2314 x

746 2345 1239 2425 Extremitas‘
1274 2344 1450 2442 styli
1517 2357 1652 2419 aut
1685 2351 2044 2450 ‘aequata
2103 2359 2218 2421 est
2263 2349 2605 2425 crassitie

555 2491 601 2543 a
661 2463 977 2563 reliquo
1044 2460 1243 2557 stylo
1310 2458 1531 2535 haud
1582 2458 1914 2548 diversa,
1978 2472 2114 2534 aut
2157 2462 2602 2550 ther-assata,

550 2593 694 2658 aut
741 2579 1068 2655 dilatata
1126 2588 1204 2649 et
1261 2572 1427 2649 fere
1488 2573 1946 2673 petaloidea,
2008 2589 2143 2650 aut
2188 2592 2599 2654 attenuata.

552 2691 973 2774 Interdum
1035 2691 1410 2787 angulata
1469 2686 1580 2762 fit.
1676 2691 1769 2763 In
1820 2711 2105 2786 genere
2152 2692 2441 2790 integra
2487 2706 2606 2767 est

466 2839 502 2852 ·
558 2821 696 2886 aut
754 2800 876 2883 bi-
892 2805 1305 2904 multtfida,
1381 2816 1518 2891 aut
1595 2801 2250 2904 b1·-mulu;oartita,
2300 2804 2601 2880 laciniis

546 2947 832 2999 rursus
882 2933 1020 2995 aut
1081 2917 1447 3017 aequatis,
1511 2931 1647 2991 aut
1705 2918 2141 2991 incrassatis
2206 2933 2344 2995 etc.
2446 2923 2604 2996 Co·

549 3038 884 3114 haerent
956 3031 1363 3109 interdum
1425 3031 1753 3106 laciniae
1814 3032 2174 3131 quamvis
2241 3031 2599 3109 distincte

545 3151 911 3252 partitae,
996 3162 1089 3223 ut
1169 3147 1255 3220 in
1322 3145 1818 3244 Compositis
1897 3146 2146 3221 variis.
2272 3149 2595 3224 Partitio

546 3263 739 3361 styli·
764 3277 771 3281 ’
795 3264 884 3336 in
934 3254 1416 3362 quibusdam
1467 3256 1886 3334 ordinibus
1933 3262 2422 3338 naturalibus
2472 3288 2599 3338 so·

542 3376 819 3453 {enixis
887 3390 1030 3462 est,
1100 3387 1195 3449 ut
1256 3372 1905 3472 in-CompositiS,
1981 3374 2063 3448 in
2115 3377 2597 3476 quibusdam

544 3514 744 3567 vero
817 3488 1136 3565 levioris
1202 3486 1629 3573 momenti,
1703 3487 1813 3562 sic
1874 3489 2415 3566 Convolvulus
2461 3491 2597 3565 sti-

554 3629 737 3704 gma
834 3603 1072 3678 habet
1162 3600 1583 3702 partitum,
1690 3605 2074 3702 Ipomoea
2179 3604 2596 3702 integrum,

553 3708 915 3820 quamvis
987 3738 1269 3813 genera
1339 3716 1682 3791 maxime
1747 3710 2033 3791 affinia.
2132 3716 2323 3814 Styli
2371 3715 2598 3793 fasci-

551 3820 789 3907 culati
869 3830 988 3906 uti
1070 3829 1243 3927 styli
1323 3830 1584 3929 partiti
1666 3829 2146 3906 considerari
2238 3825 2593 3932 possunt.

548 3949 953 4022 Numerus
1010 3944 1528 4045 partitionum
1593 3967 1780 4019 cum
1841 3969 2183 4020 numero
2256 3945 2594 4021 valvula-

548 4072 751 4135 rum·
782 4059 1195 4162 pericarpii
1241 4056 1408 4134 fere
1455 4062 1770 4159 semper
1816 4061 2201 4136 convenit.
