<?xml version="1.0" encoding="UTF-8"?>
<!DOCTYPE html PUBLIC "-//W3C//DTD XHTML 1.0 Transitional//EN"
    "http://www.w3.org/TR/xhtml1/DTD/xhtml1-transitional.dtd">
<html xmlns="http://www.w3.org/1999/xhtml" xml:lang="en" lang="en">
 <head>
  <title>
</title>
<meta http-equiv="Content-Type" content="text/html;charset=utf-8" />
  <meta name='ocr-system' content='tesseract 3.04.00' />
  <meta name='ocr-capabilities' content='ocr_page ocr_carea ocr_par ocr_line ocrx_word'/>
</head>
<body>
  <div class='ocr_page' id='page_1' title='image "./elementaphiloso01linkgoog_0257.png"; bbox 0 0 2843 4800; ppageno 0'>
   <div class='ocr_carea' id='block_1_1' title="bbox 1103 305 2305 384">
    <p class='ocr_par' dir='ltr' id='par_1_1' title="bbox 1103 305 2305 384">
     <span class='ocr_line' id='line_1_1' title="bbox 1103 305 2305 384; baseline -0.002 -2"><span class='ocrx_word' id='word_1_1' title='bbox 1103 309 1430 384; x_wconf 79' lang='lat' dir='ltr'><strong>FLOS.</strong></span> <span class='ocrx_word' id='word_1_2' title='bbox 2142 305 2305 380; x_wconf 71' lang='lat'><strong>249,</strong></span> 
     </span>
    </p>
   </div>
   <div class='ocr_carea' id='block_1_2' title="bbox 252 502 2436 4143">
    <p class='ocr_par' dir='ltr' id='par_1_2' title="bbox 252 502 2294 716">
     <span class='ocr_line' id='line_1_2' title="bbox 252 502 2294 637; baseline -0.003 -52.854"><span class='ocrx_word' id='word_1_3' title='bbox 252 509 371 587; x_wconf 86' lang='lat' dir='ltr'><strong>uti</strong></span> <span class='ocrx_word' id='word_1_4' title='bbox 421 526 780 606; x_wconf 86' lang='lat' dir='ltr'><strong>gemmae</strong></span> <span class='ocrx_word' id='word_1_5' title='bbox 830 522 998 583; x_wconf 88' lang='lat' dir='ltr'><strong>non</strong></span> <span class='ocrx_word' id='word_1_6' title='bbox 1046 503 1286 582; x_wconf 85' lang='lat' dir='ltr'><strong>fultae</strong></span> <span class='ocrx_word' id='word_1_7' title='bbox 1337 529 1378 580; x_wconf 94' lang='lat' dir='ltr'><strong>e</strong></span> <span class='ocrx_word' id='word_1_8' title='bbox 1431 504 1750 637; x_wconf 83' lang='lat' dir='ltr'><strong>caudice</strong></span> <span class='ocrx_word' id='word_1_9' title='bbox 1800 503 2058 579; x_wconf 82' lang='lat' dir='ltr'><strong>solent</strong></span> <span class='ocrx_word' id='word_1_10' title='bbox 2091 502 2294 599; x_wconf 87' lang='lat' dir='ltr'><strong>(Ca-</strong></span> 
     </span>
     <span class='ocr_line' id='line_1_3' title="bbox 255 620 938 716; baseline -0.008 -16"><span class='ocrx_word' id='word_1_11' title='bbox 255 625 414 700; x_wconf 88' lang='lat' dir='ltr'><strong>rica</strong></span> <span class='ocrx_word' id='word_1_12' title='bbox 466 620 938 716; x_wconf 87' lang='lat' dir='ltr'><strong>caulissora).</strong></span> 
     </span>
    </p>

    <p class='ocr_par' dir='ltr' id='par_1_3' title="bbox 263 731 2314 1859">
     <span class='ocr_line' id='line_1_4' title="bbox 453 731 2301 834; baseline -0.004 -22"><span class='ocrx_word' id='word_1_13' title='bbox 453 734 991 821; x_wconf 82' lang='lat' dir='ltr'><strong>Pedunculus‚</strong></span> <span class='ocrx_word' id='word_1_14' title='bbox 1068 734 1203 834; x_wconf 89' lang='lat' dir='ltr'><strong>qui</strong></span> <span class='ocrx_word' id='word_1_15' title='bbox 1257 758 1345 808; x_wconf 80' lang='lat' dir='ltr'><strong>ex</strong></span> <span class='ocrx_word' id='word_1_16' title='bbox 1395 733 1611 834; x_wconf 83' lang='lat' dir='ltr'>apice</span> <span class='ocrx_word' id='word_1_17' title='bbox 1660 731 2114 808; x_wconf 86' lang='lat' dir='ltr'><strong>rhizomatis</strong></span> <span class='ocrx_word' id='word_1_18' title='bbox 2165 744 2301 806; x_wconf 88' lang='lat' dir='ltr'><strong>aut</strong></span> 
     </span>
     <span class='ocr_line' id='line_1_5' title="bbox 263 848 2300 935; baseline -0.004 -7"><span class='ocrx_word' id='word_1_19' title='bbox 263 849 505 929; x_wconf 88' lang='lat' dir='ltr'><strong>caulis</strong></span> <span class='ocrx_word' id='word_1_20' title='bbox 580 848 1022 935; x_wconf 88' lang='lat' dir='ltr'><strong>abbreviati,</strong></span> <span class='ocrx_word' id='word_1_21' title='bbox 1098 861 1229 925; x_wconf 90' lang='lat' dir='ltr'><strong>aut</strong></span> <span class='ocrx_word' id='word_1_22' title='bbox 1279 874 1322 924; x_wconf 91' lang='lat' dir='ltr'><strong>e</strong></span> <span class='ocrx_word' id='word_1_23' title='bbox 1383 849 1694 924; x_wconf 89' lang='lat' dir='ltr'><strong>stolone</strong></span> <span class='ocrx_word' id='word_1_24' title='bbox 1759 848 2300 922; x_wconf 88' lang='lat' dir='ltr'><strong>tuberascente</strong></span> 
     </span>
     <span class='ocr_line' id='line_1_6' title="bbox 267 959 2303 1064; baseline -0.004 -23"><span class='ocrx_word' id='word_1_25' title='bbox 267 966 451 1052; x_wconf 79' lang='lat' dir='ltr'><strong>exit,</strong></span> <span class='ocrx_word' id='word_1_26' title='bbox 514 990 785 1064; x_wconf 80' lang='lat' dir='ltr'><strong>scapus</strong></span> <span class='ocrx_word' id='word_1_27' title='bbox 854 975 1207 1047; x_wconf 85' lang='lat' dir='ltr'><strong>vocatur,</strong></span> <span class='ocrx_word' id='word_1_28' title='bbox 1259 962 1601 1037; x_wconf 87' lang='lat' dir='ltr'><strong>termino</strong></span> <span class='ocrx_word' id='word_1_29' title='bbox 1655 987 1704 1039; x_wconf 82' lang='lat' dir='ltr'><strong>a</strong></span> <span class='ocrx_word' id='word_1_30' title='bbox 1745 962 2094 1036; x_wconf 89' lang='lat' dir='ltr'><strong>Linnaeo</strong></span> <span class='ocrx_word' id='word_1_31' title='bbox 2145 959 2303 1060; x_wconf 87' lang='lat' dir='ltr'><strong>pri-</strong></span> 
     </span>
     <span class='ocr_line' id='line_1_7' title="bbox 266 1073 2306 1174; baseline -0.004 -18"><span class='ocrx_word' id='word_1_32' title='bbox 266 1104 497 1156; x_wconf 87' lang='lat' dir='ltr'><strong>murn</strong></span> <span class='ocrx_word' id='word_1_33' title='bbox 569 1077 855 1152; x_wconf 84' lang='lat' dir='ltr'><strong>usitato</strong></span> <span class='ocrx_word' id='word_1_34' title='bbox 934 1076 1115 1172; x_wconf 88' lang='lat' dir='ltr'>(Ph.</span> <span class='ocrx_word' id='word_1_35' title='bbox 1175 1076 1336 1152; x_wconf 85' lang='lat' dir='ltr'><strong>bot.</strong></span> <span class='ocrx_word' id='word_1_36' title='bbox 1400 1074 1636 1169; x_wconf 46' lang='lat'><strong>2010)</strong></span> <span class='ocrx_word' id='word_1_37' title='bbox 1749 1073 2033 1149; x_wconf 82' lang='lat' dir='ltr'><strong>Differt</strong></span> <span class='ocrx_word' id='word_1_38' title='bbox 2079 1098 2123 1148; x_wconf 90' lang='lat' dir='ltr'><strong>a</strong></span> <span class='ocrx_word' id='word_1_39' title='bbox 2170 1096 2306 1174; x_wconf 89' lang='lat' dir='ltr'><strong>pe-</strong></span> 
     </span>
     <span class='ocr_line' id='line_1_8' title="bbox 272 1186 2305 1290; baseline -0.004 -22"><span class='ocrx_word' id='word_1_40' title='bbox 272 1188 624 1269; x_wconf 88' lang='lat' dir='ltr'><strong>dunculo</strong></span> <span class='ocrx_word' id='word_1_41' title='bbox 676 1188 1027 1277; x_wconf 88' lang='lat' dir='ltr'><strong>radicali,</strong></span> <span class='ocrx_word' id='word_1_42' title='bbox 1080 1188 1304 1290; x_wconf 88' lang='lat' dir='ltr'><strong>quod</strong></span> <span class='ocrx_word' id='word_1_43' title='bbox 1353 1189 1482 1264; x_wconf 89' lang='lat' dir='ltr'><strong>hic</strong></span> <span class='ocrx_word' id='word_1_44' title='bbox 1524 1213 1614 1262; x_wconf 82' lang='lat' dir='ltr'><strong>ex</strong></span> <span class='ocrx_word' id='word_1_45' title='bbox 1649 1188 1887 1262; x_wconf 82' lang='lat' dir='ltr'>axillis</span> <span class='ocrx_word' id='word_1_46' title='bbox 1921 1186 2305 1277; x_wconf 83' lang='lat' dir='ltr'><strong>soliorum</strong></span> 
     </span>
     <span class='ocr_line' id='line_1_9' title="bbox 272 1302 2311 1389; baseline -0.001 -10"><span class='ocrx_word' id='word_1_47' title='bbox 272 1304 764 1389; x_wconf 88' lang='lat' dir='ltr'><strong>rhizomatis,</strong></span> <span class='ocrx_word' id='word_1_48' title='bbox 826 1318 961 1379; x_wconf 89' lang='lat' dir='ltr'><strong>aut</strong></span> <span class='ocrx_word' id='word_1_49' title='bbox 1020 1303 1259 1379; x_wconf 89' lang='lat' dir='ltr'><strong>caulis</strong></span> <span class='ocrx_word' id='word_1_50' title='bbox 1337 1302 1758 1378; x_wconf 88' lang='lat' dir='ltr'><strong>abbreviati</strong></span> <span class='ocrx_word' id='word_1_51' title='bbox 1834 1315 2063 1377; x_wconf 85' lang='lat' dir='ltr'><strong>exeat.</strong></span> <span class='ocrx_word' id='word_1_52' title='bbox 2159 1303 2311 1378; x_wconf 89' lang='lat' dir='ltr'><strong>Ra-</strong></span> 
     </span>
     <span class='ocr_line' id='line_1_10' title="bbox 274 1415 2313 1501; baseline -0.001 -9"><span class='ocrx_word' id='word_1_53' title='bbox 274 1443 502 1493; x_wconf 87' lang='lat' dir='ltr'><strong>mum</strong></span> <span class='ocrx_word' id='word_1_54' title='bbox 569 1415 1012 1501; x_wconf 86' lang='lat' dir='ltr'><strong>floriferum</strong></span> <span class='ocrx_word' id='word_1_55' title='bbox 1079 1441 1121 1492; x_wconf 92' lang='lat' dir='ltr'><strong>e</strong></span> <span class='ocrx_word' id='word_1_56' title='bbox 1184 1415 1402 1492; x_wconf 89' lang='lat' dir='ltr'><strong>caule</strong></span> <span class='ocrx_word' id='word_1_57' title='bbox 1478 1417 1985 1492; x_wconf 89' lang='lat' dir='ltr'><strong>subterraneo</strong></span> <span class='ocrx_word' id='word_1_58' title='bbox 2064 1440 2313 1491; x_wconf 90' lang='lat' dir='ltr'><strong>emer·</strong></span> 
     </span>
     <span class='ocr_line' id='line_1_11' title="bbox 280 1528 2314 1632; baseline -0.001 -25"><span class='ocrx_word' id='word_1_59' title='bbox 280 1545 593 1629; x_wconf 78' lang='lat' dir='ltr'>gentem</span> <span class='ocrx_word' id='word_1_60' title='bbox 661 1532 962 1632; x_wconf 88' lang='lat' dir='ltr'><strong>Turpin</strong></span> <span class='ocrx_word' id='word_1_61' title='bbox 1025 1555 1349 1631; x_wconf 91' lang='lat' dir='ltr'><strong>scapum</strong></span> <span class='ocrx_word' id='word_1_62' title='bbox 1421 1540 1676 1617; x_wconf 79' lang='lat' dir='ltr'><strong>vocat,</strong></span> <span class='ocrx_word' id='word_1_63' title='bbox 1751 1555 1791 1605; x_wconf 88' lang='lat' dir='ltr'><strong>a</strong></span> <span class='ocrx_word' id='word_1_64' title='bbox 1856 1528 2314 1630; x_wconf 83' lang='lat' dir='ltr'><strong>pedunculo</strong></span> 
     </span>
     <span class='ocr_line' id='line_1_12' title="bbox 280 1642 2316 1771; baseline 0 -52"><span class='ocrx_word' id='word_1_65' title='bbox 280 1643 599 1719; x_wconf 89' lang='lat' dir='ltr'><strong>radicali</strong></span> <span class='ocrx_word' id='word_1_66' title='bbox 664 1668 828 1719; x_wconf 89' lang='lat' dir='ltr'><strong>non</strong></span> <span class='ocrx_word' id='word_1_67' title='bbox 897 1645 1381 1742; x_wconf 85' lang='lat' dir='ltr'><strong>distinguens</strong></span> <span class='ocrx_word' id='word_1_68' title='bbox 1457 1646 1660 1771; x_wconf 83' lang='lat' dir='ltr'><strong>(Ess.</strong></span> <span class='ocrx_word' id='word_1_69' title='bbox 1738 1642 1967 1719; x_wconf 89' lang='lat' dir='ltr'><strong>d’une</strong></span> <span class='ocrx_word' id='word_1_70' title='bbox 2039 1643 2316 1719; x_wconf 79' lang='lat' dir='ltr'><strong>icono-</strong></span> 
     </span>
     <span class='ocr_line' id='line_1_13' title="bbox 284 1758 901 1859; baseline -0.002 -3"><span class='ocrx_word' id='word_1_71' title='bbox 284 1758 549 1858; x_wconf 68' lang='lat' dir='ltr'><strong>graph·</strong></span> <span class='ocrx_word' id='word_1_72' title='bbox 599 1785 695 1859; x_wconf 79' lang='grc' dir='ltr'><strong>Ρ·</strong></span> <span class='ocrx_word' id='word_1_73' title='bbox 722 1760 901 1855; x_wconf 45' lang='grc' dir='ltr'>76η)</span> 
     </span>
    </p>

    <p class='ocr_par' dir='ltr' id='par_1_4' title="bbox 284 1870 2436 2200">
     <span class='ocr_line' id='line_1_14' title="bbox 476 1870 2322 1974; baseline -0.001 -27"><span class='ocrx_word' id='word_1_74' title='bbox 476 1871 909 1957; x_wconf 85' lang='lat' dir='ltr'><strong>Pedunculi</strong></span> <span class='ocrx_word' id='word_1_75' title='bbox 979 1897 1158 1974; x_wconf 90' lang='lat' dir='ltr'><strong>pars</strong></span> <span class='ocrx_word' id='word_1_76' title='bbox 1219 1872 1427 1949; x_wconf 88' lang='lat' dir='ltr'><strong>inter</strong></span> <span class='ocrx_word' id='word_1_77' title='bbox 1484 1872 1723 1949; x_wconf 90' lang='lat' dir='ltr'><strong>flores</strong></span> <span class='ocrx_word' id='word_1_78' title='bbox 1772 1871 2028 1973; x_wconf 88' lang='lat' dir='ltr'><strong>posita</strong></span> <span class='ocrx_word' id='word_1_79' title='bbox 2079 1870 2322 1947; x_wconf 77' lang='lat' dir='ltr'><strong>rachis</strong></span> 
     </span>
     <span class='ocr_line' id='line_1_15' title="bbox 284 1983 2436 2089; baseline -0.001 -28"><span class='ocrx_word' id='word_1_80' title='bbox 284 1999 432 2071; x_wconf 88' lang='lat' dir='ltr'><strong>est,</strong></span> <span class='ocrx_word' id='word_1_81' title='bbox 491 1986 925 2087; x_wconf 89' lang='lat' dir='ltr'><strong>pedunculi</strong></span> <span class='ocrx_word' id='word_1_82' title='bbox 990 2013 1168 2088; x_wconf 89' lang='lat' dir='ltr'><strong>pars</strong></span> <span class='ocrx_word' id='word_1_83' title='bbox 1232 1987 1588 2064; x_wconf 80' lang='lat' dir='ltr'><strong>bracteae</strong></span> <span class='ocrx_word' id='word_1_84' title='bbox 1652 2011 1794 2063; x_wconf 92' lang='lat' dir='ltr'><strong>seu</strong></span> <span class='ocrx_word' id='word_1_85' title='bbox 1841 1985 2158 2088; x_wconf 82' lang='lat' dir='ltr'><strong>spathae</strong></span> <span class='ocrx_word' id='word_1_86' title='bbox 2204 1983 2327 2059; x_wconf 90' lang='lat' dir='ltr'><strong>in-</strong></span> <span class='ocrx_word' id='word_1_87' title='bbox 2433 2088 2436 2089; x_wconf 4' lang='grc' dir='ltr'><em>ᾗ</em></span> 
     </span>
     <span class='ocr_line' id='line_1_16' title="bbox 287 2100 1214 2200; baseline 0.001 -24"><span class='ocrx_word' id='word_1_88' title='bbox 287 2100 497 2176; x_wconf 91' lang='lat' dir='ltr'><strong>clusa</strong></span> <span class='ocrx_word' id='word_1_89' title='bbox 544 2103 825 2200; x_wconf 69' lang='lat' dir='ltr'><strong>spmlzloe</strong></span> <span class='ocrx_word' id='word_1_90' title='bbox 872 2115 1214 2177; x_wconf 87' lang='lat' dir='ltr'><strong>vocatur.</strong></span> 
     </span>
    </p>

    <p class='ocr_par' dir='ltr' id='par_1_5' title="bbox 293 2211 2330 2431">
     <span class='ocr_line' id='line_1_17' title="bbox 477 2211 2330 2320; baseline -0.002 -30"><span class='ocrx_word' id='word_1_91' title='bbox 477 2215 920 2291; x_wconf 90' lang='lat' dir='ltr'><strong>Pedunculi</strong></span> <span class='ocrx_word' id='word_1_92' title='bbox 988 2240 1216 2316; x_wconf 88' lang='lat' dir='ltr'><strong>saepe</strong></span> <span class='ocrx_word' id='word_1_93' title='bbox 1277 2216 1493 2316; x_wconf 88' lang='lat' dir='ltr'><strong>pube</strong></span> <span class='ocrx_word' id='word_1_94' title='bbox 1553 2213 2103 2320; x_wconf 89' lang='lat' dir='ltr'><strong>glandulisque</strong></span> <span class='ocrx_word' id='word_1_95' title='bbox 2148 2211 2330 2290; x_wconf 90' lang='lat' dir='ltr'><strong>tecti</strong></span> 
     </span>
     <span class='ocr_line' id='line_1_18' title="bbox 293 2315 1917 2431; baseline 0.001 -25"><span class='ocrx_word' id='word_1_96' title='bbox 293 2315 510 2417; x_wconf 86' lang='lat' dir='ltr'><strong>sunt,</strong></span> <span class='ocrx_word' id='word_1_97' title='bbox 564 2354 748 2405; x_wconf 91' lang='lat' dir='ltr'><strong>cum</strong></span> <span class='ocrx_word' id='word_1_98' title='bbox 798 2327 1149 2431; x_wconf 90' lang='lat' dir='ltr'><strong>reliquus</strong></span> <span class='ocrx_word' id='word_1_99' title='bbox 1201 2330 1442 2407; x_wconf 91' lang='lat' dir='ltr'><strong>caulis</strong></span> <span class='ocrx_word' id='word_1_100' title='bbox 1489 2329 1756 2430; x_wconf 84' lang='lat' dir='ltr'><strong>glaber</strong></span> <span class='ocrx_word' id='word_1_101' title='bbox 1804 2331 1917 2408; x_wconf 88' lang='lat' dir='ltr'><strong>sit.</strong></span> 
     </span>
    </p>

    <p class='ocr_par' dir='ltr' id='par_1_6' title="bbox 294 2442 2346 3227">
     <span class='ocr_line' id='line_1_19' title="bbox 490 2442 2333 2530; baseline 0 -11"><span class='ocrx_word' id='word_1_102' title='bbox 490 2449 975 2519; x_wconf 87' lang='lat' dir='ltr'><strong>Structuram</strong></span> <span class='ocrx_word' id='word_1_103' title='bbox 1024 2446 1224 2520; x_wconf 90' lang='lat' dir='ltr'><strong>rami</strong></span> <span class='ocrx_word' id='word_1_104' title='bbox 1276 2446 1598 2530; x_wconf 82' lang='lat' dir='ltr'><strong>habent3</strong></span> <span class='ocrx_word' id='word_1_105' title='bbox 1649 2446 1790 2520; x_wconf 92' lang='lat' dir='ltr'><strong>ubi</strong></span> <span class='ocrx_word' id='word_1_106' title='bbox 1826 2470 2013 2521; x_wconf 84' lang='lat' dir='ltr'><strong>vero</strong></span> <span class='ocrx_word' id='word_1_107' title='bbox 2053 2442 2147 2520; x_wconf 94' lang='lat' dir='ltr'><strong>ad</strong></span> <span class='ocrx_word' id='word_1_108' title='bbox 2185 2442 2333 2519; x_wconf 90' lang='lat' dir='ltr'><strong>sso-</strong></span> 
     </span>
     <span class='ocr_line' id='line_1_20' title="bbox 294 2557 2342 2661; baseline -0 -27"><span class='ocrx_word' id='word_1_109' title='bbox 294 2582 470 2634; x_wconf 88' lang='lat' dir='ltr'><strong>rem</strong></span> <span class='ocrx_word' id='word_1_110' title='bbox 520 2557 899 2634; x_wconf 85' lang='lat' dir='ltr'><strong>accedunt</strong></span> <span class='ocrx_word' id='word_1_111' title='bbox 948 2573 1026 2635; x_wconf 98' lang='lat' dir='ltr'><strong>et</strong></span> <span class='ocrx_word' id='word_1_112' title='bbox 1070 2560 1652 2661; x_wconf 83' lang='lat' dir='ltr'><strong>receptaculum</strong></span> <span class='ocrx_word' id='word_1_113' title='bbox 1701 2559 2069 2644; x_wconf 84' lang='lat' dir='ltr'><strong>formant,</strong></span> <span class='ocrx_word' id='word_1_114' title='bbox 2119 2557 2342 2633; x_wconf 84' lang='lat' dir='ltr'><strong>fasci·</strong></span> 
     </span>
     <span class='ocr_line' id='line_1_21' title="bbox 301 2670 2342 2774; baseline -0 -27"><span class='ocrx_word' id='word_1_115' title='bbox 301 2670 456 2747; x_wconf 89' lang='lat' dir='ltr'><strong>culi</strong></span> <span class='ocrx_word' id='word_1_116' title='bbox 508 2670 795 2769; x_wconf 89' lang='lat' dir='ltr'><strong>lignosi</strong></span> <span class='ocrx_word' id='word_1_117' title='bbox 844 2689 1304 2774; x_wconf 86' lang='lat' dir='ltr'><strong>separantur</strong></span> <span class='ocrx_word' id='word_1_118' title='bbox 1352 2687 1430 2747; x_wconf 87' lang='lat' dir='ltr'><strong>et</strong></span> <span class='ocrx_word' id='word_1_119' title='bbox 1460 2673 1983 2773; x_wconf 83' lang='lat' dir='ltr'><strong>parenchyma</strong></span> <span class='ocrx_word' id='word_1_120' title='bbox 2018 2672 2342 2748; x_wconf 85' lang='lat' dir='ltr'><strong>lacuno-</strong></span> 
     </span>
     <span class='ocr_line' id='line_1_22' title="bbox 297 2785 2345 2863; baseline -0.002 0"><span class='ocrx_word' id='word_1_121' title='bbox 297 2810 482 2863; x_wconf 90' lang='lat' dir='ltr'><strong>sum</strong></span> <span class='ocrx_word' id='word_1_122' title='bbox 532 2785 643 2861; x_wconf 83' lang='lat' dir='ltr'><strong>fit.</strong></span> <span class='ocrx_word' id='word_1_123' title='bbox 739 2785 1150 2863; x_wconf 84' lang='lat' dir='ltr'><strong>Interdum</strong></span> <span class='ocrx_word' id='word_1_124' title='bbox 1214 2787 1593 2862; x_wconf 87' lang='lat' dir='ltr'><strong>articulati</strong></span> <span class='ocrx_word' id='word_1_125' title='bbox 1666 2787 2181 2862; x_wconf 84' lang='lat' dir='ltr'><strong>observantur</strong></span> <span class='ocrx_word' id='word_1_126' title='bbox 2254 2785 2345 2860; x_wconf 90' lang='lat' dir='ltr'><strong>li-</strong></span> 
     </span>
     <span class='ocr_line' id='line_1_23' title="bbox 297 2899 2346 3002; baseline -0.001 -25"><span class='ocrx_word' id='word_1_127' title='bbox 297 2927 446 2978; x_wconf 89' lang='lat' dir='ltr'><strong>nea</strong></span> <span class='ocrx_word' id='word_1_128' title='bbox 512 2915 649 2976; x_wconf 85' lang='lat' dir='ltr'><strong>aut</strong></span> <span class='ocrx_word' id='word_1_129' title='bbox 695 2899 927 2974; x_wconf 87' lang='lat' dir='ltr'><strong>nodo·</strong></span> <span class='ocrx_word' id='word_1_130' title='bbox 970 2900 1348 2998; x_wconf 90' lang='lat' dir='ltr'><strong>insigniti,</strong></span> <span class='ocrx_word' id='word_1_131' title='bbox 1400 2901 1856 3002; x_wconf 89' lang='lat' dir='ltr'><strong>cellulisque</strong></span> <span class='ocrx_word' id='word_1_132' title='bbox 1903 2901 1990 2975; x_wconf 92' lang='lat' dir='ltr'><strong>in</strong></span> <span class='ocrx_word' id='word_1_133' title='bbox 2058 2901 2346 2986; x_wconf 84' lang='lat' dir='ltr'><strong>cortice</strong></span> 
     </span>
     <span class='ocr_line' id='line_1_24' title="bbox 300 3014 2346 3115; baseline -0.001 -23"><span class='ocrx_word' id='word_1_134' title='bbox 300 3015 799 3092; x_wconf 87' lang='lat' dir='ltr'><strong>transversim</strong></span> <span class='ocrx_word' id='word_1_135' title='bbox 839 3015 1442 3090; x_wconf 86' lang='lat' dir='ltr'><strong>excurrentibus.</strong></span> <span class='ocrx_word' id='word_1_136' title='bbox 1508 3014 1662 3090; x_wconf 90' lang='lat' dir='ltr'><strong>Sed</strong></span> <span class='ocrx_word' id='word_1_137' title='bbox 1698 3037 1868 3089; x_wconf 89' lang='lat' dir='ltr'><strong>non</strong></span> <span class='ocrx_word' id='word_1_138' title='bbox 1893 3040 2206 3115; x_wconf 87' lang='lat' dir='ltr'><strong>semper</strong></span> <span class='ocrx_word' id='word_1_139' title='bbox 2245 3014 2346 3090; x_wconf 90' lang='lat' dir='ltr'><strong>ad</strong></span> 
     </span>
     <span class='ocr_line' id='line_1_25' title="bbox 307 3127 2194 3227; baseline -0.001 -22"><span class='ocrx_word' id='word_1_140' title='bbox 307 3128 722 3210; x_wconf 85' lang='lat' dir='ltr'><strong>articulum</strong></span> <span class='ocrx_word' id='word_1_141' title='bbox 773 3153 1028 3227; x_wconf 88' lang='lat' dir='ltr'><strong>usque</strong></span> <span class='ocrx_word' id='word_1_142' title='bbox 1080 3127 1458 3204; x_wconf 90' lang='lat' dir='ltr'><strong>decidunt</strong></span> <span class='ocrx_word' id='word_1_143' title='bbox 1505 3142 1641 3204; x_wconf 89' lang='lat' dir='ltr'><strong>aut</strong></span> <span class='ocrx_word' id='word_1_144' title='bbox 1686 3141 2194 3222; x_wconf 81' lang='lat' dir='ltr'><strong>marcescunt.</strong></span> 
     </span>
    </p>

    <p class='ocr_par' dir='ltr' id='par_1_7' title="bbox 310 3241 2366 4143">
     <span class='ocr_line' id='line_1_26' title="bbox 501 3241 2353 3320; baseline 0 -3"><span class='ocrx_word' id='word_1_145' title='bbox 501 3241 769 3317; x_wconf 87' lang='lat' dir='ltr'><strong>Varias</strong></span> <span class='ocrx_word' id='word_1_146' title='bbox 828 3244 1305 3320; x_wconf 89' lang='lat' dir='ltr'><strong>mutationes</strong></span> <span class='ocrx_word' id='word_1_147' title='bbox 1378 3245 1729 3319; x_wconf 84' lang='lat' dir='ltr'><strong>subeunt</strong></span> <span class='ocrx_word' id='word_1_148' title='bbox 1789 3255 1866 3318; x_wconf 89' lang='lat' dir='ltr'><strong>et</strong></span> <span class='ocrx_word' id='word_1_149' title='bbox 1923 3256 2353 3319; x_wconf 88' lang='lat' dir='ltr'><strong>metamor-</strong></span> 
     </span>
     <span class='ocr_line' id='line_1_27' title="bbox 310 3355 2355 3457; baseline 0.002 -27"><span class='ocrx_word' id='word_1_150' title='bbox 310 3355 641 3457; x_wconf 67' lang='lat' dir='ltr'><strong>phoses.s</strong></span> <span class='ocrx_word' id='word_1_151' title='bbox 732 3359 932 3454; x_wconf 85' lang='lat' dir='ltr'><strong>Ante</strong></span> <span class='ocrx_word' id='word_1_152' title='bbox 992 3356 1568 3435; x_wconf 88' lang='lat' dir='ltr'><strong>florescentiam</strong></span> <span class='ocrx_word' id='word_1_153' title='bbox 1633 3372 1940 3444; x_wconf 88' lang='lat' dir='ltr'><strong>nutant,</strong></span> <span class='ocrx_word' id='word_1_154' title='bbox 2003 3358 2153 3433; x_wconf 87' lang='lat' dir='ltr'><strong>sub</strong></span> <span class='ocrx_word' id='word_1_155' title='bbox 2203 3356 2355 3435; x_wconf 89' lang='lat' dir='ltr'><strong>flo-</strong></span> 
     </span>
     <span class='ocr_line' id='line_1_28' title="bbox 310 3470 2358 3572; baseline -0 -24"><span class='ocrx_word' id='word_1_156' title='bbox 310 3470 687 3550; x_wconf 81' lang='lat' dir='ltr'><strong>rescentia</strong></span> <span class='ocrx_word' id='word_1_157' title='bbox 752 3471 1159 3568; x_wconf 82' lang='lat' dir='ltr'><strong>eriguntur</strong></span> <span class='ocrx_word' id='word_1_158' title='bbox 1225 3471 1635 3572; x_wconf 87' lang='lat' dir='ltr'><strong>(Tulipa),</strong></span> <span class='ocrx_word' id='word_1_159' title='bbox 1701 3486 1836 3547; x_wconf 86' lang='lat' dir='ltr'><strong>aut</strong></span> <span class='ocrx_word' id='word_1_160' title='bbox 1905 3471 2072 3547; x_wconf 84' lang='lat' dir='ltr'><strong>vice</strong></span> <span class='ocrx_word' id='word_1_161' title='bbox 2118 3497 2358 3560; x_wconf 83' lang='lat' dir='ltr'><strong>versa,</strong></span> 
     </span>
     <span class='ocr_line' id='line_1_29' title="bbox 312 3584 2355 3688; baseline 0.001 -30"><span class='ocrx_word' id='word_1_162' title='bbox 312 3596 594 3662; x_wconf 83' lang='lat' dir='ltr'><strong>nutant</strong></span> <span class='ocrx_word' id='word_1_163' title='bbox 665 3586 825 3666; x_wconf 82' lang='lat' dir='ltr'><strong>sub.</strong></span> <span class='ocrx_word' id='word_1_164' title='bbox 889 3584 1380 3661; x_wconf 90' lang='lat' dir='ltr'><strong>florescentia</strong></span> <span class='ocrx_word' id='word_1_165' title='bbox 1456 3600 1530 3660; x_wconf 89' lang='lat' dir='ltr'><strong>et</strong></span> <span class='ocrx_word' id='word_1_166' title='bbox 1600 3600 1783 3686; x_wconf 90' lang='lat' dir='ltr'><strong>post</strong></span> <span class='ocrx_word' id='word_1_167' title='bbox 1855 3588 2140 3688; x_wconf 85' lang='lat' dir='ltr'><strong>ipsam,</strong></span> <span class='ocrx_word' id='word_1_168' title='bbox 2217 3585 2355 3686; x_wconf 87' lang='lat' dir='ltr'><strong>qui</strong></span> 
     </span>
     <span class='ocr_line' id='line_1_30' title="bbox 312 3699 2360 3800; baseline 0 -27"><span class='ocrx_word' id='word_1_169' title='bbox 312 3712 537 3774; x_wconf 84' lang='lat' dir='ltr'><strong>antea</strong></span> <span class='ocrx_word' id='word_1_170' title='bbox 582 3699 817 3774; x_wconf 89' lang='lat' dir='ltr'><strong>erecti</strong></span> <span class='ocrx_word' id='word_1_171' title='bbox 859 3714 1078 3775; x_wconf 85' lang='lat' dir='ltr'><strong>erant</strong></span> <span class='ocrx_word' id='word_1_172' title='bbox 1114 3701 1453 3797; x_wconf 90' lang='lat' dir='ltr'><strong>(Silenae</strong></span> <span class='ocrx_word' id='word_1_173' title='bbox 1492 3700 1811 3800; x_wconf 89' lang='lat' dir='ltr'><strong>plures).</strong></span> <span class='ocrx_word' id='word_1_174' title='bbox 1898 3703 2169 3777; x_wconf 87' lang='lat' dir='ltr'><strong>Flores</strong></span> <span class='ocrx_word' id='word_1_175' title='bbox 2212 3724 2360 3774; x_wconf 88' lang='lat' dir='ltr'><strong>nu·</strong></span> 
     </span>
     <span class='ocr_line' id='line_1_31' title="bbox 316 3812 2360 3914; baseline 0.001 -27"><span class='ocrx_word' id='word_1_176' title='bbox 316 3824 591 3890; x_wconf 84' lang='lat' dir='ltr'><strong>tantes·</strong></span> <span class='ocrx_word' id='word_1_177' title='bbox 615 3813 960 3910; x_wconf 89' lang='lat' dir='ltr'><strong>gaudere</strong></span> <span class='ocrx_word' id='word_1_178' title='bbox 1010 3812 1314 3914; x_wconf 87' lang='lat' dir='ltr'><strong>pistillo</strong></span> <span class='ocrx_word' id='word_1_179' title='bbox 1351 3815 1816 3892; x_wconf 83' lang='lat' dir='ltr'><strong>staminibus</strong></span> <span class='ocrx_word' id='word_1_180' title='bbox 1851 3814 2233 3911; x_wconf 83' lang='lat' dir='ltr'><strong>longiore,</strong></span> <span class='ocrx_word' id='word_1_181' title='bbox 2264 3825 2360 3890; x_wconf 87' lang='lat' dir='ltr'><strong>ut</strong></span> 
     </span>
     <span class='ocr_line' id='line_1_32' title="bbox 316 3926 2366 4028; baseline 0.001 -27"><span class='ocrx_word' id='word_1_182' title='bbox 316 3926 543 4005; x_wconf 80' lang='lat' dir='ltr'><strong>cadat</strong></span> <span class='ocrx_word' id='word_1_183' title='bbox 604 3928 874 4028; x_wconf 88' lang='lat' dir='ltr'><strong>pollen</strong></span> <span class='ocrx_word' id='word_1_184' title='bbox 924 3928 1030 4004; x_wconf 89' lang='lat' dir='ltr'><strong>.in</strong></span> <span class='ocrx_word' id='word_1_185' title='bbox 1102 3928 1398 4024; x_wconf 86' lang='lat' dir='ltr'><strong>stigma,</strong></span> <span class='ocrx_word' id='word_1_186' title='bbox 1468 3929 1859 4003; x_wconf 89' lang='lat' dir='ltr'><strong>Linnaeus</strong></span> <span class='ocrx_word' id='word_1_187' title='bbox 1918 3940 2194 4002; x_wconf 88' lang='lat' dir='ltr'><strong>auctor</strong></span> <span class='ocrx_word' id='word_1_188' title='bbox 2250 3942 2366 4026; x_wconf 85' lang='lat' dir='ltr'><strong>est</strong></span> 
     </span>
     <span class='ocr_line' id='line_1_33' title="bbox 326 4039 2343 4143; baseline 0 -26"><span class='ocrx_word' id='word_1_189' title='bbox 326 4040 555 4137; x_wconf 88' lang='lat' dir='ltr'><strong>(Phil.</strong></span> <span class='ocrx_word' id='word_1_190' title='bbox 580 4042 746 4118; x_wconf 66' lang='lat' dir='ltr'><strong>bot</strong></span> <span class='ocrx_word' id='word_1_191' title='bbox 762 4044 823 4140; x_wconf 80' lang='lat'><strong>§.</strong></span> <span class='ocrx_word' id='word_1_192' title='bbox 839 4044 1053 4139; x_wconf 57' lang='lat'><strong>145),</strong></span> <span class='ocrx_word' id='word_1_193' title='bbox 1081 4039 1305 4143; x_wconf 91' lang='lat' dir='ltr'><strong>quod</strong></span> <span class='ocrx_word' id='word_1_194' title='bbox 1328 4067 1515 4120; x_wconf 87' lang='lat' dir='ltr'><strong>vero</strong></span> <span class='ocrx_word' id='word_1_195' title='bbox 1542 4042 1875 4117; x_wconf 87' lang='lat' dir='ltr'><strong>minime</strong></span> <span class='ocrx_word' id='word_1_196' title='bbox 1897 4065 2212 4143; x_wconf 87' lang='lat' dir='ltr'><strong>semper</strong></span> <span class='ocrx_word' id='word_1_197' title='bbox 2232 4040 2343 4117; x_wconf 87' lang='lat' dir='ltr'><strong>fit.</strong></span> 
     </span>
    </p>
   </div>
  </div>
 </body>
</html>
