2843 4800
61 3385 66 3486 ἐ

20 3490 69 3637 w

1045 337 1541 415 PLANTA.
2225 344 2313 419 17
2383 405 2389 412 .

449 538 776 642 Praeter
857 531 1063 608 hanc
1155 531 1600 632 regularem
1693 559 1737 613 a
1818 526 2313 636 symmetrica

251 647 551 725 forma·
588 647 1169 725 aberrationem
1230 647 1394 724 alia.
1440 663 1556 726 est
1614 650 1957 726 maxime
2016 651 2314 751 irreguss

250 764 476 852 lariS,
535 765 644 839 ita
708 775 804 839 ut
854 760 1020 838 duo
1071 759 1264 837 folia
1315 758 1673 859 ejusdem
1724 763 2027 840 arboris
2077 790 2313 843 num-

254 902 508 979 quam
568 900 752 952 vere
814 898 1164 974 congrua
1228 874 1415 964 sint,
1478 900 1624 952 nec
1673 877 1921 976 magis
1973 876 2140 955 duo
2188 879 2312 958 fo-

250 993 386 1069 lia·
413 989 900 1068 diversarum
954 990 1335 1065 arborum
1386 984 1744 1086 ejusdem
1792 991 2098 1092 speciei.

452 1110 546 1180 In
614 1104 982 1200 crystallis
1048 1102 1307 1179 forma
1373 1104 1469 1178 ab
1537 1120 1791 1180 exacta
1857 1108 2307 1202 symmetria

256 1222 382 1296 vix
430 1218 758 1304 recedit,
808 1218 894 1290 in
950 1216 1417 1290 animalibus
1467 1218 1725 1294 multo
1779 1220 2027 1316 magis
2095 1246 2305 1296 rece-

258 1336 394 1424 dit,
434 1332 892 1436 praesertim
926 1330 1008 1402 in
1050 1332 1509 1404 animalium
1545 1334 1895 1430 partibus
1931 1336 2275 1410 internis,

450 1446 834 1524 Videmus
912 1444 994 1516 in
1060 1444 1184 1516 his
1260 1444 1637 1518 omnibus
1703 1446 1971 1520 nisum
2025 1474 2305 1550 corpo-

252 1588 450 1636 rum
500 1560 968 1634 naturalium
1020 1556 1120 1630 ad
1170 1558 1667 1632 individuam
1719 1574 1793 1634 et
1825 1562 2304 1658 peculiarem

254 1690 652 1760 naturam,
726 1696 970 1772 quam
1044 1670 1192 1746 sibi
1262 1696 1613 1760 sumere,
1691 1688 2079 1772 quantum
2131 1676 2301 1752 fieri

248 1802 546 1888 potest,
600 1800 1010 1862 conantur.

248 1994 394 2080 13.
518 1988 1108 2076 Plantarum
1172 1984 1751 2104 superficies
1817 1986 2103 2076 lineis
2153 2016 2299 2078 re-

376 2128 553 2218 ctis
664 2154 880 2216 sese
988 2154 1549 2242 numquam
1655 2140 2037 2237 secant3
2133 2142 2303 2218 aut

374 2301 692 2359 curvae
790 2280 1056 2371 sunt,
1150 2278 1319 2355 aut
1403 2270 1647 2355 lineis
1725 2274 2007 2355 curctis
2083 2295 2297 2359 sese

366 2421 740 2499 secant.

440 2579 874 2665 Mineralia,
926 2575 1351 2677 perfectam
1407 2603 1647 2679 quam
1685 2605 2079 2655 assumere
2115 2605 2295 2681 pos-

244 2707 444 2767 sunt
504 2691 874 2779 formam,
940 2693 1250 2791 adepta,
1315 2693 1677 2793 undique
1729 2695 2297 2791 superficiebus

236 2807 504 2911 planis
556 2805 1084 2893 includuntur,
1138 2833 1341 2905 quae
1391 2807 1616 2881 lineis
1667 2809 1895 2881 rectis
1947 2835 2113 2883 sese
2163 2809 2295 2883 de-

236 2935 578 2999 cussant.
718 2921 1280 3015 Crystallorum
1367 2921 1817 3017 superficies
1909 2945 2297 2997 convexae

234 3053 378 3113 aut
442 3059 826 3109 concavae
888 3035 1329 3107 rarissimae
1393 3047 1611 3117 sunt,
1677 3057 1821 3105 nec
1897 3035 2045 3105 nisi
2113 3059 2297 3105 casu

230 3149 696 3253 productae.
800 3147 1270 3247 Superficies
1327 3169 1603 3219 curvae
1647 3147 1729 3217 in
1767 3145 2087 3243 reliquis
2125 3171 2295 3219 cor-

226 3263 580 3365 poribus
672 3261 1190 3335 mineralibus
1288 3259 1861 3355 vulgatissimae
1963 3259 2295 3359 quidem

228 3381 462 3463 sunt,'
526 3391 600 3451 at
656 3375 780 3449 vix
842 3399 1012 3449 non
1078 3399 1391 3473 semper
1439 3375 1677 3447 rebus
1731 3376 2059 3447 externis
2109 3401 2293 3475 pro-

225 3491 552 3578 ductae,
619 3513 766 3565 nec
831 3488 1149 3587 corpori
1191 3486 1571 3562 .minerali
1635 3487 2086 3564 naturales.
2162 3490 2293 3575 sic

217 3602 647 3681 mineralia
696 3602 923 3703 aquis
970 3615 1201 3675 vecta..
1236 3614 1313 3675 et
1362 3599 1639 3675 detrita
1688 3601 2292 3702 sphaeroideam

125 3771 130 3775 -
214 3719 714 3820 plerumque
765 3716 1309 3817 adipiscuntur
1339 3711 1742 3803 sormam,
1803 3716 1913 3791 sic
1965 3714 2289 3791 stalaeti-

213 3848 334 3909 tes
405 3857 454 3907 e
519 3830 761 3928 guttis
808 3842 1225 3906 concretus
1275 3852 1316 3903 a
1371 3826 1696 3903 defluxu
1743 3829 2109 3905 humoris
2159 3852 2289 3904 su-

212 3944 724 4048 perficiebus
773 3942 1066 4044 gaudet
1137 3942 1531 4028 convexis;
1612 3946 1856 4044 quam
1932 3942 2039 4018 ob
2113 3966 2287 4019 rem

215 4083 564 4161 quoque
631 4081 827 4136 non.
873 4081 1053 4136 raro
1124 4055 1597 4159 corporibus
1661 4054 2050 4153 organicis
2104 4058 2284 4133 assi-
