2843 4800
883 347 1795 430 INTRODUCTIO.
2308 349 2361 425 5

256 556 396 644 ·3.
528 547 866 643 Omne
962 579 1333 671 corpus
1421 549 1879 641 naturale
1952 560 2124 638 aut
2191 579 2361 667 per

434 726 532 801 ‚se
637 687 1374 792 consideratur,
1479 701 1650 781 aut
1729 694 2080 780 relative
2179 714 2357 777 seu

436 829 927 921 relatione
994 826 1123 919 ad
1187 829 1374 918 alia
1440 857 1904 948 corpora,
1993 837 2162 917 aut
2224 860 2354 917 re-

432 978 803 1091 spective
864 997 1043 1059 seu
1103 980 1571 1088 respectu
1635 966 1764 1059 ad
1825 966 2220 1058 Totum.

510 1166 639 1242 Sic
691 1190 1019 1267 quoque
1065 1191 1245 1267 pars
1295 1177 1431 1240 aut
1474 1188 1618 1265 per
1664 1188 1747 1240 se
1799 1162 2356 1252 consideratur,

316 1292 453 1355 aut
505 1277 889 1355 relatione
954 1277 1054 1352 ad
1116 1278 1299 1355 alias
1360 1292 1619 1378 partes
1669 1274 2025 1375 ejusdem
2072 1301 2354 1379 corpo-

312 1393 457 1482 riS,
509 1407 642 1467 aut
686 1393 1108 1494 respective
1160 1392 1259 1467 ad
1306 1405 1571 1467 totum
1622 1415 1927 1491 corpus.

456 1544 459 1547 ·
514 1505 782 1593 Thesi,
834 1504 1194 1583 antithesi
1248 1518 1324 1581 et
1370 1504 1714 1602 synthesi
1767 1504 2032 1581 omnis
2080 1510 2396 1581 rerum!

320 1618 664 1716 cognitio
726 1616 1152 1718 perficitur.
1280 1621 1351 1693 E·
1412 1616 1721 1692 duabus
1790 1616 2355 1719 propositioni-

314 1733 505 1819 buS‚
569 1728 866 1829 majore
941 1745 1018 1807 et
1084 1731 1432 1817 minore,
1507 1731 1865 1831 sequitur
1925 1730 2351 1807 conclusio.

310 1848 498 1921 Duo
561 1858 851 1945 puncta
927 1845 1268 1945 spatium
1340 1844 1594 1920 lineae
1666 1866 1837 1919 non
1903 1841 2355 1932 conficiunt,

310 1959 455 2035 sed
503 1958 621 2046 id,
674 1957 897 2059 quod
951 1957 1117 2033 duo
1167 1972 1458 2059 puncta
1510 1957 1928 2033 combinat.
2036 1956 2354 2058 Ubique

308 2073 455 2149 ista
504 2073 628 2148 via
677 2072 1155 2148 trichotoma
1200 2070 1610 2148 manifesta
1647 2085 1777 2159 est,
1812 2068 2353 2148 sed-facillime

311 2212 357 2263 a
440 2199 656 2262 recto
744 2185 1056 2264 tramite
1141 2185 1494 2274 abducit,
1581 2185 1731 2261 nisi
1799 2184 2358 2289 experientiam

309 2324 681 2405 sequaris.

310 2552 401 2647 4.
529 2551 858 2647 Omne
933 2584 1301 2681 corpus
1380 2556 1836 2648 naturale
1902 2550 2351 2646 conside-

442 2707 726 2790 ratur
838 2709 1006 2785 aut
1108 2725 1212 2787 se
1220 2696 1669 2788 cundum
1760 2701 2353 2813 proprietates

439 2839 833 2922 internas
853 2902 873 2935 ‚
958 2845 1145 2925 ‘aut
1250 2834 1809 2928 secundum
1911 2851 2350 2936 externas,

438 2985 609 3062 aut
670 2971 1227 3064 secundum
1287 2994 1724 3093 utrasque.

430 3184 439 3190 ·
512 3160 639 3234 Sic
712 3159 1057 3237 extensio
1150 3159 1506 3262 corporis
1588 3155 1992 3246 naturalis¹
2041 3169 2349 3233 externe

312 3270 804 3350 considerata
885 3275 1351 3373 magnitudo
1445 3265 1592 3361 est,
1671 3273 1978 3348 interne
2066 3268 2347 3361 forma,

305 3400 661 3486 utroque
707 3387 964 3464 modo
1019 3390 1496 3466 constructio
1548 3387 1920 3486 analytica
1965 3382 2076 3461 fit.

511 3500 638 3577 Sic
684 3515 1003 3603 tempus
1052 3518 1361 3580 externe
1404 3501 1988 3579 consideratum
2034 3499 2344 3577 duratio

309 3626 460 3701 est,
533 3613 841 3693 interne
910 3640 1098 3693 vero
1181 3615 1594 3719 periodus,
1668 3629 2017 3717 utroque
2090 3613 2345 3691 modo

300 3726 667 3803 mutatio.

416 3897 457 3937 2,
502 3842 950 3942 Proprietas
997 3844 1147 3943 (sit
1190 3843 1415 3920 venia
1460 3843 1703 3920 verbo
1754 3866 1923 3919 non
1968 3842 2176 3919 bene
2236 3841 2340 3918 la-

300 3954 529 4051 tino)
599 3980 1039 4057 corporum
1102 3971 1409 4034 externa
1467 3957 1556 4033 in
1616 3956 2045 4060 quantitate
2087 3956 2342 4057 posita

304 4080 448 4160 est,
496 4069 815 4149 interna
863 4096 1051 4150 vero
1099 4071 1183 4151 in
1236 4071 1620 4174 qualitate.
