2843 4800
537 312 695 387 2562
1139 432 1143 437 ‚
1400 315 1722 393 FLOS.

1516 589 1595 675 2.

946 712 2137 851 RECEPTACULUM.

442 1060 443 1063 r
535 975 731 1064 157.
852 977 1529 1097 Receptaculum
1604 1008 1721 1071 ea
1802 1009 2036 1098 pars
2128 991 2561 1080 vocatur.

651 1142 905 1234 quae
1017 1117 1452 1237 reliquas
1573 1134 1906 1238 partes
2021 1116 2298 1208 floris
2411 1146 2559 1209 su·

649 1254 970 1346 stinet.
1089 1330 1093 1343 .
1886 1274 1891 1279 ·

660 1448 661 1455 ’
711 1427 1323 1527 Receptaculum
1372 1428 1692 1532 propria
1739 1453 1918 1529 pars
1968 1451 2135 1504 non
2199 1430 2354 1514 es‘t,
2417 1421 2556 1502 sed

521 1538 759 1615 variat
806 1541 1249 1617 secundum
1299 1542 1529 1620 floris
1578 1542 1955 1619 indolem.

707 1654 1188 1757 Plerumque
1223 1680 1413 1756 apex
1444 1654 1875 1757 pedunculi
1908 1656 2154 1755 magis
2194 1654 2560 1729 minusve

519 1765 878 1846 dilatatus
929 1794 1210 1846 omnes
1261 1771 1485 1848 floris
1532 1784 1787 1871 partes
1837 1771 2165 1845 sustinet
2192 1769 2360 1844 basi
2393 1784 2573 1854 sua..

515 1881 874 1978 calycem‚
925 1885 1326 1973 corollam,
1377 1884 1706 1960 stamina
1742 1884 2041 1971 emittit,
2074 1898 2248 1958 tum
2278 1881 2546 1984 paullo

444 2020 448 2024 *
510 1995 830 2094 longius
889 1998 1329 2098 productus
1395 1998 1754 2074 ovarium
1818 1997 2013 2094 gerit
2077 2022 2264 2073 cum
2327 1996 2545 2095 stylo.

510 2108 876 2187 Dilatatio
941 2112 1195 2187 oritur
1258 2140 1300 2188 a
1348 2111 1699 2187 medulla
1750 2124 2003 2198 aucta,
2053 2111 2168 2187 uti
2221 2132 2546 2212 quoque

512 2222 754 2298 caulis
815 2226 954 2301 ubi
1016 2222 1207 2301 folia
1272 2226 1553 2300 emittit
1601 2225 1705 2300 ob
1755 2224 2192 2300 medullam
2241 2239 2546 2302 auctam

507 2336 992 2414 incrassatur.
1111 2337 1461 2416 Medulla
1537 2362 1703 2415 non
1762 2364 1943 2415 raro
1994 2338 2365 2417 lacunosa
2415 2351 2543 2416 est.

505 2451 821 2528 Plantae
868 2452 1330 2554 hypogynae
1380 2455 1545 2530 huc.
1588 2453 1996 2555 pertinent.

696 2569 789 2642 In
865 2567 1213 2667 epigynis
1288 2593 1455 2645 non
1528 2593 1710 2644 raro
1779 2570 2028 2644 discus
2093 2567 2295 2644 intra
2345 2566 2542 2665 caly-

505 2704 680 2755 cem
726 2677 1118 2757 formatur
1163 2697 1418 2782 partes
1468 2682 1878 2759 interiores
1927 2682 2334 2758 sustinens
2429 2685 2542 2760 Ex

505 2794 660 2870 alio
714 2808 1016 2871 constat
1049 2810 1417 2873 contextu
1455 2796 1831 2873 celluloso
1870 2820 1955 2871 ac
1987 2794 2331 2892 reliquae
2362 2820 2539 2894 par·

500 2922 649 2994 tes23
714 2934 857 3009 per
934 2909 1151 2984 hunc
1210 2923 1618 2988 transeunt
1681 2907 2024 2986 fasciculi
2087 2905 2371 3002 lignosi
2436 2906 2538 2984 ad

499 3022 828 3098 stamina
882 3035 1016 3097 etc.
1065 3026 1561 3124 pertinentes
1657 3023 1935 3097 Discus
1985 3018 2201 3094 hicce
2248 3016 2333 3094 in
2387 3024 2537 3097 Ga·

498 3134 769 3212 lantho
806 3136 1038 3212 nivali
1075 3138 1584 3238 conspicitur,
1635 3134 1910 3209 colore.
1934 3131 2112 3208 albo
2146 3132 2492 3231 insignis

691 3248 923 3345 Calyx
984 3251 1067 3324 in
1133 3250 1328 3325 duas
1390 3261 1646 3347 partes
1708 3261 1824 3323 sat
1897 3245 2292 3323 distinctas
2366 3271 2530 3324 non

494 3384 674 3437 raro
744 3361 988 3438 dividi
1051 3374 1327 3465 potest.
1428 3356 1765 3436 Inferior
1810 3386 1989 3462 pars
2035 3362 2534 3464 hypanthium

494 3472 850 3562 dicenda,
915 3502 957 3551 a
1023 3477 1429 3578 superiore
1480 3498 1647 3549 non
1699 3474 1970 3552 solum
2021 3474 2346 3551 discreta
2398 3487 2528 3562 est.

491 3587 633 3665 sed
715 3613 1042 3690 quoque
1117 3590 1348 3666 aliam
1407 3589 1647 3665 habet
1708 3589 1949 3666 vitam
2011 3614 2096 3666 ac
2145 3589 2526 3689 superior.

495 3705 622 3781 Sic
699 3703 785 3778 in
865 3706 1074 3780 Rosa
1138 3706 1448 3781 baccata
1510 3701 1601 3779 fit
1664 3717 1740 3779 et
1803 3717 2262 3790 coarctatur,
2329 3703 2526 3780 dum

490 3819 854 3923 superior
901 3819 1321 3896 marcescit.
1418 3821 1605 3892 Non
1666 3817 1930 3895 solum
1990 3819 2076 3893 in
2137 3816 2526 3918 perigynis

492 3933 863 4032 distingui
939 3948 1229 4035 potest,
1303 3929 1446 4007 sed
1523 3954 1848 4032 quoque
1910 3931 1996 4006 in
2067 3930 2525 4032 hypogynis,

491 4070 552 4123 e.
602 4069 667 4145 g.
718 4048 1022 4124 Arbuto
1075 4045 1457 4127 Unedine.
1557 4046 2097 4147 Hypanthium
2145 4044 2392 4123 hocce
2437 4045 2523 4130 in
2637 4080 2642 4086 ·
