2843 4800
1084 300 1461 378 FOLI'A.
2154 303 2295 379 187

435 499 659 578 Folia
708 500 1184 602 fasciculam
1264 499 1586 576 initium
1658 498 1857 576 rami
1919 497 2296 594 formant„

243 616 436 693 folia
487 614 674 693 bina
722 627 859 690 aut
902 617 1208 715 gemina
1254 611 1548 691 folium
1592 613 1958 691 binatum
1992 615 2296 706 sistunt,
2403 615 2412 624 ’

242 730 544 834 petiolo
597 727 991 806 obsoleto.

438 843 661 922 Folia
727 843 1092 946 opposita
1154 856 1232 920 et
1292 814 1738 930 verticillata
1805 855 1941 920 aut
1986 842 2072 918 in
2125 867 2298 920 om

247 960 487 1038 nibus
537 957 782 1036 axillis
828 982 1097 1036 ramos
1144 954 1459 1055 gerunt,
1507 981 1655 1034 nec
1702 981 1826 1034 ne.
1922 963 2132 1036 Haec
2177 956 2301 1053 di

250 1099 376 1150 cas
437 1072 577 1150 fol.
645 1098 828 1176 opp.
892 1084 972 1147 et
1032 1085 1218 1156 vert,
1287 1068 1830 1150 alternisantia.
1963 1072 2302 1152 Stellatis

252 1203 330 1267 et
377 1186 1062 1290 Caryophyllaceis
1110 1185 1470 1263 solennia
1519 1200 1722 1264 sunt.

442 1301 826 1379 Distantia
877 1315 1165 1379 remota
1210 1315 1415 1390 sunt,
1462 1303 1819 1404 conserta,
1854 1299 2292 1384 imbricata..

256 1503 457 1594 113.
580 1500 863 1593 Folia
933 1502 1411 1591 directione
1433 1541 1455 1550 ·
1477 1506 1983 1621 plerumque
2063 1505 2300 1591 hori-

374 1647 770 1732 zontalz‘a
854 1653 1118 1741 sunt,
1216 1653 1317 1729 et
1399 1640 1497 1729 vi
1583 1641 2007 1744 inversa,
2098 1654 2299 1733 tor-

378 1782 663 1872 sione
730 1780 858 1870 ad
926 1780 1466 1900 pristinum
1529 1793 1930 1882 statum,
1994 1807 2301 1900 quan-

372 1933 593 2010 tum
651 1918 877 2011 fieri
938 1933 1315 2040 potest,
1374 1899 1832 2010 redeunt.

444 2091 792 2169 Directio
856 2088 1246 2169 foliorum
1296 2089 1813 2169 horizontalis
1860 2089 2138 2167 similis
2187 2055 2307 2168 est

257 2204 671 2284 directioni
735 2204 975 2282 caulis
1023 2219 1104 2282 et
1149 2231 1566 2284 ramorum
1616 2204 2146 2295 adscendenti‚
2194 2206 2304 2286 ita

255 2336 346 2398 ut
404 2320 773 2425 superior
832 2320 1114 2423 pagina
1166 2321 1400 2411 cauli,
1449 2319 1783 2398 inferior
1829 2319 2074 2398 radici
2124 2346 2306 2399 ana-

253 2437 434 2535 loga
484 2438 602 2524 sit,
651 2436 879 2538 quod
928 2436 1220 2543 docent
1252 2437 1779 2539 experimenta
1813 2437 2306 2525 Dutrocheti,

257 2576 496 2652 supra
545 2551 731 2649 (93)
783 2551 1029 2641 citata.
1127 2556 1419 2629 Totam
1467 2549 1825 2628 referunt
1858 2549 2051 2628 folia
2083 2551 2306 2653 plan-

254 2680 422 2741 tam
471 2688 619 2740 nec
666 2680 970 2767 partem
1020 2663 1202 2763 (cfr.
1255 2666 1433 2763 14.).

448 2779 700 2857 Multa
789 2780 1316 2882 experimenta
1387 2778 1535 2855 hac
1619 2776 1722 2854 de
1801 2801 1890 2854 re
1969 2778 2306 2855 instituit

253 2898 668 2973 Bonnetus
746 2893 1286 2992 (Recherches
1366 2918 1424 2968 s,
1499 2892 1754 2990 l'usag.
1836 2891 1974 2967 des
2061 2891 2304 2970 feuill.

254 3014 492 3085 Mem.
554 3011 625 3085 2.
694 3022 773 3086 et
828 3013 895 3085 5.
956 3035 1031 3111 p,
1093 3006 1313 3109 220.)
1364 3030 1856 3109 quamquam
1902 3006 2074 3108 ipse
2122 3031 2303 3082 cau-

258 3146 430 3196 sam
498 3121 1079 3210 mechanicam,
1168 3121 1536 3198 humoris
1601 3118 2160 3197 relaxationem
2227 3133 2306 3196 et

260 3235 540 3312 caloris
591 3237 1248 3324 contractionem,
1300 3248 1642 3337 quaerat.

450 3355 702 3430 Rarae
777 3364 963 3427 sunt
1036 3350 1529 3453 exceptiones
1611 3350 1707 3424 ab
1780 3348 1925 3425 ista
2014 3350 2306 3449 regula.

262 3465 388 3540 Sic
458 3467 825 3566 adpressa
894 3467 1177 3568 pagina
1237 3464 1647 3566 superiore
1710 3462 1911 3541 cauli
1974 3466 2309 3543 ramisve

262 3578 614 3679 apposita
691 3593 908 3667 sunt,
982 3578 1376 3655 imbricata
1447 3578 1594 3653 sibi
1643 3578 2125 3657 incumbunt
2181 3582 2308 3665 ita,

258 3707 351 3767 ut
404 3693 690 3794 pagina
738 3693 1105 3795 superior
1151 3690 1614 3768 inferiorem
1663 3708 1890 3792 tegat,
1944 3696 2312 3771 verul-alia

263 3806 645 3904 angulum
698 3833 883 3885 cum
931 3808 1349 3893 horizonte
1397 3820 1702 3880 rectum
1755 3807 2130 3893 efficiunt.
2179 3820 2312 3883 aut

265 3920 361 3996 ad
413 3936 723 3998 rectum
778 3923 1314 4007 accedentem,
1366 3920 1679 4025 obliqua
1726 3922 1967 3998 situm
2018 3919 2314 3996 habent

263 4035 471 4113 inter
518 4035 1100 4123 horizontalem
1135 4051 1212 4113 et
1242 4036 1685 4112 verticalem
1722 4034 2310 4125 intermedium,
