2843 4800
506 330 602 416 516
980 350 1020 413 J
1270 338 1755 419 PLANTA.

337 520 411 632 θ’
492 537 674 614 sint,
787 520 1035 625 ‘Haec
1126 535 1458 642 quidem
1534 539 1953 644 praecipue
2043 529 2592 641 symm‘etrica'

432 659 435 662 ”
486 651 852 729 vocanda
900 667 1103 729 sunt.
1317 676 1322 681 ·
2711 664 2717 671 ’

695 769 1051 869 Corpora
1115 766 1500 866 regularia
1563 791 1606 843 a
1666 769 2111 846 Geometris
2158 785 2541 848 vocantur

498 904 701 982 quae
762 881 1014 981 planis
1077 881 1536 983 aequalibus
1573 882 2136 960 includuntur.
2242 886 2536 963 Omnia

496 1016 831 1095 corpora
894 990 1287 1108 regularia>
1341 994 1581 1070 simul
1643 998 2137 1128 symmetrica
2169 1012 2405 1087 sunt,
2458 1014 2536 1076 at

495 1132 666 1183 non
741 1108 907 1184 vice
992 1132 1223 1184 versa.
1352 1109 1660 1191 Prisma.
1738 1111 1953 1185 enim
2031 1110 2537 1209 hexagonum

492 1223 776 1325 utique
854 1223 1448 1321 symmetricum
1529 1237 1675 1313 est,
1721 1224 2089 1300 minime
2157 1248 2347 1301 vero
2413 1249 2536 1303 re·

491 1337 780 1434 gulare.
1136 1359 1141 1364 ·
2315 1382 2322 1387 ·
2425 1370 2428 1373 ·
2482 1371 2485 1374 ’

608 1518 613 1524 .
689 1450 1045 1548 Crystalli
1105 1449 1568 1552 saepissime
1614 1388 1981 1551 pluribus
2052 1432 2533 1530 sectionibus

489 1562 576 1638 in
649 1563 883 1640 latera
959 1586 1306 1662 congrua
1383 1564 1650 1640 dirimi
1722 1581 2092 1666 possunt,
2168 1567 2532 1645 animalia

488 1703 680 1754 vero
775 1691 851 1754 et
918 1673 1372 1776 vegetabilia
1453 1702 1614 1756 una
1692 1690 2004 1756 tantum
2084 1681 2532 1812 secundum

486 1790 1071 1891 longitudinem
1119 1791 1334 1868 sacta.
1603 1818 1606 1821 ’

679 1907 1064 1983 Animalia
1130 1904 1602 2034 composita,
1654 1904 1773 1985 uti
1835 1904 2178 2005 plantae,
2239 1906 2303 1983 si
2355 1930 2527 1984 cor-

484 2045 684 2123 pora
745 2021 1042 2116 integra
1106 2018 1459 2118 respicis,
1524 2019 1728 2093 hanc
1790 2017 2135 2094 formam
2187 2044 2528 2117 symme-

482 2135 759 2210 tricam
807 2156 976 2207 non
1024 2154 1355 2231 semper,
1390 2131 1585 2233 quin
1617 2133 1869 2208 rarius
1901 2132 2287 2234 produnt;
2333 2131 2525 2209 novi

486 2248 701 2323 enim
766 2245 966 2322 rami
1038 2243 1235 2320 locis
1280 2245 1517 2343 ‘vagis
1591 2269 1989 2343 emergere
2053 2247 2328 2323 solent.
2411 2244 2521 2322 'Si

480 2374 669 2440 vero
735 2360 1035 2463 apicem
1100 2354 1493 2435 stellatum
1556 2357 1903 2447 corallii,.
1925 2359 1998 2436 si
2046 2350 2339 2437 folium
2389 2372 2525 2436 aut

477 2501 796 2554 ramum
867 2473 1425 2562 hornotinum,
1500 2488 1635 2549 aut
1692 2473 2014 2563 florem,
2076 2474 2524 2551 fructumve

479 2589 939 2691 respexeris,
1022 2587 1371 2663 formam
1457 2587 2038 2686 symmetricam
2124 2602 2241 2665 sat
2316 2590 2524 2665 bene

480 2727 871 2802 agnosces
1196 2717 1199 2724 ’

668 2821 773 2895 At·
812 2815 1073 2918 planta
1125 2808 1223 2893 ab
1272 2831 1529 2895 exacta
1577 2816 2025 2897 formarum
2071 2818 2521 2916 symmetria

472 2931 561 3006 in
636 2932 1011 3007 omnibus
1083 2930 1248 3009 fere
1319 2933 1674 3035 partibus
1745 2933 2146 3034 paulisper
2202 2928 2516 3005 recedit.

472 3049 684 3124 Haec
732 3071 921 3122 vero
974 3047 1361 3123 aberratio
1408 3045 1716 3123 formae
1768 3044 2057 3145 duplex
2088 3055 2242 3130 est,
2279 3041 2517 3120 altera

471 3161 880 3261 regulariS,
933 3161 1166 3238 altera
1215 3159 1679 3256 irregularis·
1979 3191 1982 3194 ·

668 3273 795 3348 Sic
841 3274 927 3347 in
975 3272 1186 3348 foliis
1236 3270 1549 3346 alternis
1600 3292 1660 3343 e.
1711 3289 1780 3365 g.
1817 3267 2084 3355 Tiliae,
2133 3273 2514 3365 QuechS,

470 3385 962 3486 aliarumque
1026 3385 1406 3460 arborum
1480 3380 1918 3458 alternatim
1967 3395 2103 3457 aut
2152 3381 2515 3459 dextrum

438 3513 606 3590 ‚aut
666 3499 1071 3574 sinistrum
1117 3496 1319 3573 latus
1382 3493 1556 3571 folii
1604 3494 2037 3598 prominet,
2099 3496 2209 3571 sic
2255 3496 2341 3568 in
2390 3494 2515 3571 fo-

466 3614 589 3690 liis
641 3611 1024 3716 oppositis
1076 3624 1211 3687 aut
1259 3610 1622 3686 dextrum
1671 3609 1893 3697 latus,
1939 3623 2074 3684 aut
2104 3607 2511 3684 sinistrum

465 3726 740 3817 simul,
846 3739 981 3801 aut
1072 3723 1537 3801 alterutrum
1624 3722 2068 3801 secundum
2149 3723 2512 3821 regulam

467 3854 953 3917 constantem
1006 3838 1462 3940 prominere
1510 3837 1729 3915 solet.
1831 3836 1957 3912 Sic
1998 3835 2187 3911 etin
2234 3836 2514 3933 calycis

461 3951 749 4057 phyllis
785 3952 1286 4054 corollaeque
1318 3953 1739 4051 segmentis
1768 3949 2144 4049 regularis
2179 3963 2294 4027 est
2322 3972 2509 4050 pro-

356 4159 361 4164 ,
462 4068 842 4147 minentia
890 4066 1355 4146 alterutrius
1388 4067 1668 4146 lateris.

1294 4191 1295 4194 ‘
2280 4181 2510 4254 Prae-
