2843 4800
1157 343 1377 421 FLO
1401 344 1473 417 S.
2187 342 2368 416 269⁴«

312 532 319 537 ⁵
422 555 440 573 ”
484 527 885 642 Perigonii
983 527 1373 617 {vocabulo
1435 537 1899 617 ⁴Ehrhartus
1977 537 2333 638 primum

287 683 487 737 usus
551 672 668 735 est
710 655 1168 756 aptissimo,
1250 679 1564 756 semper
1627 648 2116 737 adhibendo,
2186 651 2329 726 ubi

292 773 671 870 distingui
737 770 1044 870 nequit,
1112 794 1211 846 an
1274 795 1454 871 pars
1518 767 1925 869 proposita
1977 763 2187 862 calyx
2235 763 2337 839 sit

290 911 390 962 an
445 886 758 962 corolla.

266 1068 269 1075 ,
432 1002 814 1077 ‘Constat
896 1020 938 1072 e
1016 996 1380 1098 pluribus
1460 995 1815 1099 partibus
1894 994 1979 1068 in
2040 986 2334 1067 'orbem

289 1112 604 1215 positiS,
673 1126 750 1187 et
810 1110 1098 1185 harum
1161 1111 1427 1211 plures
1495 1110 1728 1185 orbes
1789 1109 1942 1184 sibi
1998 1102 2331 1209 appositi

290 1240 508 1314 sunt,
557 1249 901 1301 numero
948 1223 1174 1298 valde
1221 1224 1718 1299 inconstanti.

486 1345 750 1416 Partes
797 1339 989 1413 istae
1038 1336 1125 1411 in
1177 1338 1458 1412 orbem
1507 1336 1810 1443 positae
1859 1349 1993 1412 aut
2047 1334 2334 1411 discre-

293 1467 421 1529 tae
492 1468 706 1540 sunt,
788 1466 922 1527 aut
979 1451 1212 1552 plane
1281 1465 1415 1527 aut
1486 1477 1633 1552 pro
1712 1452 2052 1526 maxima
2116 1463 2336 1550 parte

296 1591 566 1641 versus
659 1566 880 1641 basin
964 1579 1390 1667 concretae.
1537 1565 2068 1661 Distinguitur
2145 1563 2334 1638 hinc

286 1711 363 1784 p.
422 1682 940 1784 polyphyllum
1003 1706 1044 1755 a
1100 1709 1174 1780 p.
1243 1680 1749 1781 monophyll0.
1857 1675 2333 1777 Monophyl-

293 1797 465 1872 lum
520 1794 1223 1895 bi-multipartitum
1270 1807 1408 1868 aut
1458 1793 1579 1867 bi-
1596 1794 2055 1893 multtfidum
2105 1804 2234 1865 est.

483 1908 1000 2005 Perigonium
1065 1933 1248 1983 cum
1315 1907 1783 1981 staminibus
1846 1904 2083 1980 simul
2135 1902 2338 2001 ejus-

284 2022 515 2100 modi
633 2023 868 2097 orbes
966 2020 1374 2096 constituit
1469 2021 1815 2120 partium
1921 2017 2332 2105 adfinium,

289 2161 633 2237 quarum
708 2135 858 2211 alia
928 2133 1014 2208 in
1090 2134 1322 2209 aliam
1396 2158 1564 2209 non
1638 2133 1903 2209 solum
1966 2132 2335 2208 facillime

287 2263 672 2333 mutatur,
736 2247 876 2323 sed
941 2272 1268 2350 quoque
1314 2272 1475 2323 una
1531 2247 1729 2323 alius
1778 2246 2050 2322 locum
2102 2271 2335 2322 occu-

287 2378 439 2466 pat.
553 2362 680 2439 Sic
738 2362 828 2438 in
881 2360 1217 2438 floribus
1266 2363 1522 2464 plenis
1572 2360 1903 2439 stamina
1950 2362 2036 2437 in
2084 2360 2336 2464 petala

280 2485 700 2553 'mutantur
759 2489 835 2551 et
894 2476 982 2550 in
1035 2476 1465 2553 Cruciferis'
1524 2477 1690 2553 duo
1743 2477 2074 2553 stamina
2124 2473 2335 2576 peta-

289 2592 560 2666 lorum
624 2588 896 2664 locum
965 2604 1373 2692 occupant.
1485 2592 1886 2688 Perigonii
1954 2603 2209 2691 partes
2258 2603 2339 2663 et

290 2705 622 2780 stamina
688 2717 873 2778 sunt
937 2704 1177 2801 igitur
1242 2719 1501 2804 partes
1581 2706 2059 2800 homologae,
2134 2703 2339 2778 sicut

287 2819 478 2895 folia
532 2832 606 2893 et
653 2819 954 2918 spinae,
1007 2819 1339 2919 stipulae
1393 2832 1469 2893 et
1518 2819 1783 2918 spinae
1836 2831 1972 2892 etc.
2297 2815 2300 2818 ’

479 2931 879 3029 Pel-igonii
942 2931 1207 3031 phylla
1261 2946 1397 3008 aut
1446 2945 1839 3027 segmenta
1891 2929 2103 3006 foliis
2156 2954 2333 3005 ana·
2385 2963 2401 2990 c

287 3044 468 3141 loga
533 3059 744 3132 sunt,
810 3041 929 3120 uti
977 3045 1203 3121 floris
1234 3033 1616 3121 definitio
1668 3045 1993 3132 indicat,
2044 3039 2335 3119 etnon

287 3175 469 3232 raro
544 3158 1049 3258 perigonium
1121 3160 1206 3234 in
1282 3158 1473 3236 folia
1534 3171 1913 3246 mutatur,
1976 3156 2335 3259 quamvis

285 3295 448 3345 una
523 3271 835 3348 alterius
908 3272 1203 3350 locum¹
1264 3299 1432 3350 non
1509 3287 1857 3373 occupet.
1988 3263 2333 3348 Possunt

284 3383 546 3484 phylla
617 3399 692 3459 et
753 3403 1151 3485 segmenta
1216 3386 1604 3490 perigonii
1654 3387 1770 3461 uti
1819 3383 2008 3460 folia
2060 3386 2334 3460 abbre-

284 3498 484 3573 viata
562 3501 1079 3590 considerari,
1161 3505 1371 3578 Rosa
1446 3513 1672 3587 teste,
1751 3497 1972 3596 cujus
2057 3499 2332 3596 calycis

284 3611 549 3713 phylla
625 3611 1011 3690 foliorum
1087 3615 1225 3691 alis
1300 3613 1625 3711 analoga
1701 3628 1902 3689 sunt.
2023 3617 2186 3688 Hac
2247 3634 2333 3685 re

282 3750 469 3802 cum
521 3729 938 3824 tegmentis
986 3751 1486 3827 gemmarum
1540 3741 1615 3803 et
1663 3727 1995 3804 bracteis
2054 3745 2337 3800 conve-

283 3841 536 3916 niunt.
2242 3833 2248 3839 ’
