2843 4800
1020 368 1504 445 PLANTA.
2189 369 2289 447 25

236 564 716 665 divergentia
732 623 753 652 ,
820 574 897 641 et
959 561 1284 640 cellulae
1331 564 1655 643 seriatae
1702 562 2045 666 probant
2088 564 2292 667 ipsa-
2349 637 2356 643 .

230 706 414 758 rum
488 691 1017 782 prototypum
1063 676 1446 754 tubulum
1506 704 1692 757 esse.
1789 677 2289 756 Ramificatio

229 819 609 871 vasorum
660 788 1019 868 animalis
1065 789 1415 867 formam
1465 793 1679 869 sistit.
1772 793 1977 869 Hinc
2009 818 2291 869 nume-

229 934 366 995 rus
400 906 796 983 ternarius
830 929 870 980 a
903 929 1132 981 ramo
1166 907 1544 1007 utrinque
1578 905 1867 984 emisso
1905 920 1982 982 et
2004 919 2288 984 trunco

228 1018 747 1108 intermedio,
809 1017 998 1093 hinc
1066 1019 1475 1122 quinarius
1536 1046 1578 1095 a
1627 1021 1866 1097 ramis
1913 1020 2291 1122 utrinque

234 1136 560 1214 duobus
636 1148 713 1211 et
784 1146 1079 1209 trunco?
1152 1133 1665 1222 intermediO,
1753 1134 1941 1210 hinc
2032 1133 2292 1237 impar

126 1304 129 1305 ν
231 1274 622 1327 numerus
717 1273 764 1324 a
841 1251 1140 1323 Natura
1233 1272 1424 1351 prae
1512 1248 1840 1351 reliquis
1936 1247 2287 1326 dilectus·

230 1366 472 1445 Nisus
516 1459 521 1465 ι
534 1387 683 1464 per
728 1384 813 1437 se
866 1359 1241 1438 existendi
1294 1375 1371 1438 et
1415 1361 1832 1439 individua
1882 1359 2286 1441 formandi

230 1492 315 1555 et
383 1476 521 1553 hic
594 1473 1158 1575 divergentiam
1232 1488 1311 1553 et
1365 1474 2025 1563 ramificationem
2098 1504 2289 1580 pro-

233 1590 485 1669 ducit.

230 1847 378 1939 18.
499 1844 914 1936 Plantae
981 1857 1745 1963 componuntur
1808 1874 1863 1935 e
1906 1867 2289 1966 recepta-

250 2035 257 2042 ·
355 1991 571 2076 culis
634 2011 894 2105 quae
954 1981 1263 2076 fluida
1321 1984 1852 2123 recipiunt

426 2150 789 2259 Corpora
866 2157 1229 2255 organica
1308 2181 1481 2234 non
1554 2157 1822 2234 solum
1896 2183 1943 2236 e
1989 2158 2287 2248 solidis,

227 2271 375 2350 sed
442 2294 775 2375 quoque
841 2294 883 2347 e
943 2270 1215 2346 fluidis
1264 2273 1705 2373 composita
1755 2287 1977 2363 sunt,
2039 2274 2147 2350 ita
2193 2288 2289 2351 ut

224 2388 530 2465 solidae
596 2398 857 2489 partes
925 2383 1380 2487 saepissime
1445 2387 1932 2489 receptacula
2001 2390 2288 2467 consti-

223 2517 460 2579 tuant
513 2501 786 2578 fluidis
845 2499 1336 2601 recipiendis
1451 2501 1535 2577 Si
1589 2501 1982 2580 dimensio
2032 2504 2290 2603 longi-

224 2614 611 2691 tudinalis
639 2616 939 2690 horum
970 2613 1658 2714 receptaculorum
1683 2617 2025 2721 reliquas
2049 2616 2290 2717 longe

103 2744 113 2753 ·
226 2741 587 2830 superat,
641 2757 813 2805 oasa
858 2728 1275 2816 dicuntur;
1325 2730 1389 2810 si
1441 2729 1776 2808 latitudo
1805 2791 1825 2820 ,
1884 2733 2100 2808 sinus
2149 2757 2288 2810 vo-

202 2834 447 2931 cant,
531 2842 597 2918 si
682 2866 864 2918 vero
930 2841 1152 2918 nulla
1220 2841 1617 2919 dimensio
1665 2844 2010 2947 reliquas
2058 2846 2287 2923 valde

223 2970 583 3059 superat,
649 2959 952 3033 utricuh‘
1006 2968 1410 3032 vocantur.
1538 2962 1966 3033 Moventur
2035 2959 2287 3035 fluida

154 3083 161 3088 ’
222 3073 313 3147 111
382 3070 600 3146 hisce
661 3071 863 3147 vasis
924 3083 1059 3145 aut
1114 3080 1353 3144 motu
1411 3068 1630 3144 lento
1696 3083 1775 3143 et
1834 3071 1959 3144 vix
2020 3072 2291 3145 obser-

223 3183 532 3272 vand0,
615 3199 751 3268 aut
812 3184 995 3261 satis
1062 3181 1293 3260 celeri
1361 3195 1438 3258 et
1488 3181 1959 3283 conspicuo,
2044 3207 2290 3285 quem

221 3296 678 3373 fluidorum
742 3312 1066 3375 motum
1128 3299 1216 3373 in
1279 3297 1482 3372 vasis
1527 3298 1912 3376 Auctores
1978 3296 2289 3373 charac-

220 3425 484 3487 terem
560 3409 1063 3514 primarium
1100 3410 1460 3513 corporis
1522 3411 1869 3511 organici
1937 3435 2106 3488 esse
2172 3410 2293 3487 di-

218 3539 513 3601 xerunt
572 3525 1014 3625 (Erxleben
1076 3524 1737 3624 Ansangsgrfinde
1800 3525 1946 3603 der
2006 3530 2292 3604 Natur-

218 3639 679 3737 geschichte
726 3642 788 3738 §.
842 3645 909 3718 7.
925 3640 981 3737 ).

246 3795 249 3798 >
416 3755 519 3829 In
567 3754 858 3856 plantis
904 3752 1289 3833 videmus
1316 3697 1570 3831 totam
1617 3752 1783 3833 fere
1819 3707 2288 3855 compagem

218 3890 308 3942 ex
383 3866 758 3943 utriculis
823 3868 1185 3968 vasisque
1245 3869 1787 3959 constitutam,
1863 3893 2101 3946 succo
2169 3893 2292 3955 re-

217 3979 493 4080 pletiS,
559 4004 711 4057 nec
760 3980 927 4058 sere
977 3981 1172 4058 aliae
1218 3996 1476 4084 partes
1525 3985 1608 4059 in
1658 3985 1922 4086 planta
1971 3979 2289 4078 juniore

219 4108 294 4170 et
325 4107 607 4194 vegeta
645 4093 1375 4197 deprehenduntur.
1460 4099 1555 4175 In
1590 4095 2061 4173 animalibus
2096 4122 2283 4176 vero
