2843 4800
1118 342 1502 420 FOLIA.
1903 365 1908 369 ·
2190 344 2327 416 181

396 547 573 631 lum
621 563 910 640 vero,
974 541 1253 655 cujus
1314 537 1859 629 incisiones
1919 543 2325 660 prolon-

397 693 678 795 gatae
776 678 1268 795 ejusmodi
1362 677 1719 770 solium
1812 710 2031 772 non
2125 679 2324 770 effi·

398 831 772 911 cerent.
1901 851 1904 856 ³

464 989 885 1070 Foliorum
965 990 1353 1069 incisione
1426 992 1777 1093 qualibet
1837 991 1934 1070 fit
1990 991 2325 1091 angulus

276 1120 577 1183 exstans
657 1129 802 1182 seu
865 1105 1200 1203 angulus
1273 1106 1533 1183 stricte
1605 1108 1714 1184 sie
1792 1106 2066 1184 dictus.
2177 1106 2325 1182 Hic

277 1235 411 1296 aut
474 1218 702 1295 lineis
769 1218 1080 1295 duabus
1128 1220 1389 1307 rectis,
1416 1235 1578 1299 ..aut
1637 1235 2080 1298 extrorsum
2132 1244 2320 1296 con·
2383 1305 2386 1310 ,

276 1335 476 1410 cavis
538 1331 891 1410 inclusus
957 1348 1090 1423 est,
1154 1359 1216 1411 a.
1282 1350 1668 1423 acutatus,
1737 1349 1875 1412 aut
1921 1335 2148 1410 lineis
2200 1359 2322 1409 ex-

272 1463 620 1526 trorsum
698 1448 1098 1536 convexis,
1163 1472 1224 1524 a.
1278 1446 1691 1527 obtusam-5.
1804 1450 2091 1527 Incisio
2154 1450 2321 1551 ipsa

273 1564 651 1662 angulum
712 1563 1135 1640 intrantem
1203 1563 1401 1639 sistit
1447 1563 1939 1651 seusinum,
1995 1564 2134 1665 qui
2188 1587 2320 1639 eo-

273 1676 457 1753 dem
530 1675 785 1753 modo
870 1691 1005 1752 aut
1066 1689 1417 1752 acutams
1492 1690 1641 1764 est,
1705 1691 1843 1752 aut
1888 1676 2320 1754 obtusatus.

270 1796 616 1892 Uterque
665 1789 904 1866 simul
957 1805 1230 1866 acutus
1280 1813 1449 1866 esse
1492 1802 1753 1910 potest
1797 1805 1930 1867 aut
1964 1792 2320 1878 obtusus,

268 1907 550 1984 vertice
599 1904 864 2003 anguli
914 1903 1368 1981 rotundato.
2095 1965 2098 1968 .

456 2018 712 2097 Folii
736 2018 1048 2094 incisuli
1102 2018 1596 2096 differentiae
1643 2032 2064 2121 sequentes
2112 2034 2315 2096 sunt.

266 2134 586 2213 Folium
634 2148 1024 2211 crenatum
1073 2147 1188 2208 est
1237 2133 1464 2236 quod
1513 2134 1752 2211 habet
1800 2132 2132 2233 angulos
2173 2134 2328 2209 ob·‘

265 2265 563 2327 tusatos
635 2248 843 2323 inter
911 2247 1133 2322 sinus
1206 2260 1592 2336 aeutatos,
1675 2246 1812 2325 fol.
1901 2252 2336 2336 dentatum,.

265 2362 492 2468 quod
553 2361 795 2449 habet
856 2361 1187 2461 angulos
1252 2376 1602 2440 acutatos
1650 2363 1858 2442 inter
1903 2365 2123 2441 sinus
2171 2362 2318 2440 ob-

262 2493 599 2567 tusatoS,
634 2475 954 2554 >folium
1014 2492 1415 2564 serratum,
1486 2476 1711 2578 quod
1772 2479 2010 2556 habet
2071 2500 2312 2576 angu-

262 2595 391 2669 los
457 2605 799 2669 acutatos
859 2590 1066 2667 inter
1128 2592 1347 2666 sinus
1407 2605 1757 2667 acutatos
1827 2607 1904 2670 et
1948 2592 2000 2667 f.
2050 2621 2312 2694 repan-

260 2711 488 2793 dum,
542 2705 763 2808 quod
812 2706 1050 2781 habet
1099 2704 1433 2803 angulos
1483 2706 1899 2782 obtusatos
1948 2706 2154 2780 inter
2213 2705 2313 2778 si-

259 2848 414 2900 nus
479 2822 911 2899 obtusatos.
1032 2818 1237 2895 Hinc
1309 2819 1685 2896 oriuntur
1758 2843 2068 2905 crenae,
2121 2817 2312 2894 den-

258 2953 411 3027 teS‚
461 2948 896 3013 serraturae
944 2946 1081 3011 aut
1127 2946 1430 3020 acutae,
1483 2946 1617 3009 aut
1667 2932 2016 3008 obtusae.

451 3050 668 3126 Basis
742 3062 821 3124 et
892 3072 1083 3148 apex
1160 3044 1398 3124 simili
1480 3044 1735 3123 modo
1821 3042 2305 3122 considerari

259 3177 613 3279 possunt.
725 3161 1045 3239 Folium
1111 3163 1443 3238 accisam
1509 3160 1592 3234 in
1661 3159 1880 3259 apice
1925 3158 2166 3234 habet
2210 3158 2318 3249 si·¹
2423 3263 2434 3272 θ

259 3304 461 3354 num
511 3291 910 3354 acutatum
956 3277 1163 3352 inter
1210 3274 1542 3407 angulos
1592 3274 2021 3361 obtusatoS,
2055 3271 2308 3349 biden-

259 3409 507 3470 tatum
554 3417 698 3469 seu
748 3389 1299 3491 bicuspidatum
1347 3390 1617 3466 sinum
1666 3388 2126 3467 obtusatum
2186 3387 2307 3462 in·

257 3521 375 3583 ter
437 3506 770 3604 anguJos
832 3517 1216 3591 acutatOS,
1277 3504 1329 3581 f.
1366 3508 1653 3606 fissum
1714 3504 1984 3581 sinum
2048 3515 2306 3579 acuta-

255 3635 432 3697 tum
483 3621 691 3696 inter
739 3616 1119 3716 angulum
1171 3632 1566 3694 acutatum
1584 3679 1604 3708 ,
1652 3618 1708 3696 i.
1752 3619 2307 3719 emarginatum

257 3735 495 3811 habet
543 3734 813 3809 sinum
874 3733 1332 3809 obtusatum
1395 3733 1602 3808 inter
1672 3734 2005 3832 angulos
2072 3731 2306 3806 ohtu„

256 3864 485 3927 satos,

305 3970 313 3979 '
448 3962 771 4038 Folium
844 3963 1241 4039 cordatum
1318 3960 1405 4035 in
1477 3960 1641 4036 basi
1716 3960 1954 4036 habet
2034 3958 2298 4033 sinum

255 4092 657 4155 acutatum
737 4077 944 4153 inter
1024 4073 1355 4174 angulos
1439 4074 1881 4161 obtusatos,
1968 4075 2301 4161 excisum
