<?xml version="1.0" encoding="UTF-8"?>
<!DOCTYPE html PUBLIC "-//W3C//DTD XHTML 1.0 Transitional//EN"
    "http://www.w3.org/TR/xhtml1/DTD/xhtml1-transitional.dtd">
<html xmlns="http://www.w3.org/1999/xhtml" xml:lang="en" lang="en">
 <head>
  <title>
</title>
<meta http-equiv="Content-Type" content="text/html;charset=utf-8" />
  <meta name='ocr-system' content='tesseract 3.04.00' />
  <meta name='ocr-capabilities' content='ocr_page ocr_carea ocr_par ocr_line ocrx_word'/>
</head>
<body>
  <div class='ocr_page' id='page_1' title='image "./elementaphiloso01linkgoog_0023.png"; bbox 0 0 2843 4800; ppageno 0'>
   <div class='ocr_carea' id='block_1_1' title="bbox 1115 317 2372 403">
    <p class='ocr_par' dir='ltr' id='par_1_1' title="bbox 1115 317 2372 403">
     <span class='ocr_line' id='line_1_1' title="bbox 1115 317 2372 403; baseline 0.004 -9"><span class='ocrx_word' id='word_1_1' title='bbox 1115 317 1250 395; x_wconf 75' lang='lat'><strong>1²1.</strong></span> <span class='ocrx_word' id='word_1_2' title='bbox 1260 317 1415 403; x_wconf 73' lang='lat' dir='ltr'><strong>AN</strong></span> <span class='ocrx_word' id='word_1_3' title='bbox 1430 318 1500 393; x_wconf 87' lang='lat' dir='ltr'>T</span> <span class='ocrx_word' id='word_1_4' title='bbox 1515 317 1601 394; x_wconf 69' lang='lat' dir='ltr'><strong>A.</strong></span> <span class='ocrx_word' id='word_1_5' title='bbox 2273 322 2372 399; x_wconf 75' lang='lat'><strong>1⁵</strong></span> 
     </span>
    </p>
   </div>
   <div class='ocr_carea' id='block_1_2' title="bbox 289 512 2376 1075">
    <p class='ocr_par' dir='ltr' id='par_1_2' title="bbox 289 512 2388 1075">
     <span class='ocr_line' id='line_1_2' title="bbox 289 512 2376 618; baseline 0.003 -28"><span class='ocrx_word' id='word_1_6' title='bbox 289 524 535 593; x_wconf 65' lang='lat' dir='ltr'><strong>‘ante</strong></span> <span class='ocrx_word' id='word_1_7' title='bbox 568 512 1166 615; x_wconf 73' lang='lat' dir='ltr'><strong>separationem.</strong></span> <span class='ocrx_word' id='word_1_8' title='bbox 1279 512 1496 593; x_wconf 80' lang='lat' dir='ltr'><strong>Hinc</strong></span> <span class='ocrx_word' id='word_1_9' title='bbox 1540 514 1807 617; x_wconf 75' lang='lat' dir='ltr'><strong>proles</strong></span> <span class='ocrx_word' id='word_1_10' title='bbox 1867 516 2170 618; x_wconf 87' lang='lat' dir='ltr'><strong>parenti</strong></span> <span class='ocrx_word' id='word_1_11' title='bbox 2234 532 2376 603; x_wconf 66' lang='lat' dir='ltr'><strong>ant,</strong></span> 
     </span>
     <span class='ocr_line' id='line_1_3' title="bbox 314 625 2369 734; baseline 0.002 -30"><span class='ocrx_word' id='word_1_12' title='bbox 314 652 469 730; x_wconf 91' lang='lat' dir='ltr'><strong>per</strong></span> <span class='ocrx_word' id='word_1_13' title='bbox 539 626 871 729; x_wconf 85' lang='lat' dir='ltr'>aliquod</span> <span class='ocrx_word' id='word_1_14' title='bbox 939 641 1256 729; x_wconf 88' lang='lat' dir='ltr'><strong>tempus</strong></span> <span class='ocrx_word' id='word_1_15' title='bbox 1315 625 1702 718; x_wconf 80' lang='lat' dir='ltr'><strong>inhaeret,</strong></span> <span class='ocrx_word' id='word_1_16' title='bbox 1776 644 1915 711; x_wconf 88' lang='lat' dir='ltr'><strong>aut</strong></span> <span class='ocrx_word' id='word_1_17' title='bbox 1974 630 2176 707; x_wconf 89' lang='lat' dir='ltr'><strong>dum</strong></span> <span class='ocrx_word' id='word_1_18' title='bbox 2233 658 2369 734; x_wconf 61' lang='lat' dir='ltr'><strong>pa»</strong></span> 
     </span>
     <span class='ocr_line' id='line_1_4' title="bbox 315 740 2366 848; baseline 0.002 -31"><span class='ocrx_word' id='word_1_19' title='bbox 315 767 521 819; x_wconf 87' lang='lat' dir='ltr'><strong>rens</strong></span> <span class='ocrx_word' id='word_1_20' title='bbox 552 741 931 843; x_wconf 85' lang='lat' dir='ltr'><strong>basisque</strong></span> <span class='ocrx_word' id='word_1_21' title='bbox 968 740 1326 843; x_wconf 84' lang='lat' dir='ltr'><strong>persistit.</strong></span> <span class='ocrx_word' id='word_1_22' title='bbox 1421 745 1596 820; x_wconf 87' lang='lat' dir='ltr'><strong>Hoc</strong></span> <span class='ocrx_word' id='word_1_23' title='bbox 1642 743 1909 827; x_wconf 87' lang='lat' dir='ltr'><strong>modo</strong></span> <span class='ocrx_word' id='word_1_24' title='bbox 1947 742 2042 823; x_wconf 88' lang='lat' dir='ltr'><strong>fit</strong></span> <span class='ocrx_word' id='word_1_25' title='bbox 2077 768 2366 848; x_wconf 89' lang='lat' dir='ltr'><strong>corpus</strong></span> 
     </span>
     <span class='ocr_line' id='line_1_5' title="bbox 320 855 2060 958; baseline -0.001 -25"><span class='ocrx_word' id='word_1_26' title='bbox 320 857 831 955; x_wconf 77' lang='lat' dir='ltr'><strong>organicum</strong></span> <span class='ocrx_word' id='word_1_27' title='bbox 843 855 1464 958; x_wconf 86' lang='lat' dir='ltr'><strong>compositum</strong></span> <span class='ocrx_word' id='word_1_28' title='bbox 2055 902 2060 905; x_wconf 91' lang='lat'><em>-</em></span> 
     </span>
     <span class='ocr_line' id='line_1_6' title="bbox 513 931 2368 1075; baseline 0.006 -29"><span class='ocrx_word' id='word_1_29' title='bbox 513 970 833 1046; x_wconf 80' lang='lat' dir='ltr'><strong>Plantae</strong></span> <span class='ocrx_word' id='word_1_30' title='bbox 890 994 1066 1045; x_wconf 89' lang='lat' dir='ltr'><strong>non</strong></span> <span class='ocrx_word' id='word_1_31' title='bbox 1129 967 1395 1049; x_wconf 81' lang='lat' dir='ltr'><strong>solum</strong></span> <span class='ocrx_word' id='word_1_32' title='bbox 1444 931 1882 1052; x_wconf 74' lang='lat' dir='ltr'><strong>seminibus</strong></span> <span class='ocrx_word' id='word_1_33' title='bbox 1930 934 2368 1075; x_wconf 58' lang='lat' dir='ltr'><strong>propagati·</strong></span> 
     </span>
    </p>
   </div>
   <div class='ocr_carea' id='block_1_3' title="bbox 176 1082 2365 1186">
    <p class='ocr_par' dir='ltr' id='par_1_3' title="bbox 176 1082 2365 1186">
     <span class='ocr_line' id='line_1_7' title="bbox 176 1082 2365 1186; baseline 0.001 -26"><span class='ocrx_word' id='word_1_34' title='bbox 176 1116 182 1120; x_wconf 92' lang='lat'>·</span> <span class='ocrx_word' id='word_1_35' title='bbox 317 1095 506 1172; x_wconf 62' lang='lat' dir='ltr'><strong>tur„</strong></span> <span class='ocrx_word' id='word_1_36' title='bbox 543 1082 691 1160; x_wconf 90' lang='lat' dir='ltr'><strong>sed</strong></span> <span class='ocrx_word' id='word_1_37' title='bbox 746 1107 1111 1183; x_wconf 81' lang='lat' dir='ltr'><strong>gemmae</strong></span> <span class='ocrx_word' id='word_1_38' title='bbox 1160 1108 1486 1185; x_wconf 80' lang='lat' dir='ltr'><strong>quoque</strong></span> <span class='ocrx_word' id='word_1_39' title='bbox 1534 1085 1642 1165; x_wconf 91' lang='lat' dir='ltr'><strong>in</strong></span> <span class='ocrx_word' id='word_1_40' title='bbox 1683 1085 1872 1186; x_wconf 85' lang='lat' dir='ltr'><strong>ipsis</strong></span> <span class='ocrx_word' id='word_1_41' title='bbox 1934 1100 2365 1185; x_wconf 79' lang='lat' dir='ltr'><strong>emergunt,</strong></span> 
     </span>
    </p>
   </div>
   <div class='ocr_carea' id='block_1_4' title="bbox 303 1196 2380 2880">
    <p class='ocr_par' dir='ltr' id='par_1_4' title="bbox 314 1196 2364 1528">
     <span class='ocr_line' id='line_1_8' title="bbox 318 1196 2364 1301; baseline 0 -26"><span class='ocrx_word' id='word_1_42' title='bbox 318 1223 574 1275; x_wconf 82' lang='lat' dir='ltr'><strong>novos</strong></span> <span class='ocrx_word' id='word_1_43' title='bbox 634 1223 914 1274; x_wconf 76' lang='lat' dir='ltr'><strong>ramos,</strong></span> <span class='ocrx_word' id='word_1_44' title='bbox 971 1196 1381 1298; x_wconf 84' lang='lat' dir='ltr'><strong>explicant,</strong></span> <span class='ocrx_word' id='word_1_45' title='bbox 1444 1200 1812 1279; x_wconf 73' lang='lat' dir='ltr'><strong>‚novellas</strong></span> <span class='ocrx_word' id='word_1_46' title='bbox 1874 1202 2096 1301; x_wconf 84' lang='lat' dir='ltr'><strong>quasi</strong></span> <span class='ocrx_word' id='word_1_47' title='bbox 2139 1200 2364 1301; x_wconf 64' lang='lat' dir='ltr'><strong>‚plan-</strong></span> 
     </span>
     <span class='ocr_line' id='line_1_9' title="bbox 314 1311 2362 1417; baseline -0.001 -26"><span class='ocrx_word' id='word_1_48' title='bbox 314 1327 433 1391; x_wconf 86' lang='lat' dir='ltr'><strong>tas</strong></span> <span class='ocrx_word' id='word_1_49' title='bbox 480 1311 700 1412; x_wconf 91' lang='lat' dir='ltr'><strong>stirpi</strong></span> <span class='ocrx_word' id='word_1_50' title='bbox 749 1312 1051 1411; x_wconf 84' lang='lat' dir='ltr'><strong>parenti</strong></span> <span class='ocrx_word' id='word_1_51' title='bbox 1100 1314 1421 1387; x_wconf 89' lang='lat' dir='ltr'><strong>innatas.</strong></span> <span class='ocrx_word' id='word_1_52' title='bbox 1518 1314 1721 1389; x_wconf 91' lang='lat' dir='ltr'><strong>Hinc</strong></span> <span class='ocrx_word' id='word_1_53' title='bbox 1756 1316 2074 1416; x_wconf 87' lang='lat' dir='ltr'><strong>antiqua</strong></span> <span class='ocrx_word' id='word_1_54' title='bbox 2107 1314 2362 1417; x_wconf 67' lang='lat' dir='ltr'><strong>arbor,</strong></span> 
     </span>
     <span class='ocr_line' id='line_1_10' title="bbox 314 1424 2108 1528; baseline -0.003 -26"><span class='ocrx_word' id='word_1_55' title='bbox 314 1427 500 1527; x_wconf 91' lang='lat' dir='ltr'><strong>rupi</strong></span> <span class='ocrx_word' id='word_1_56' title='bbox 552 1425 823 1500; x_wconf 90' lang='lat' dir='ltr'><strong>similis</strong></span> <span class='ocrx_word' id='word_1_57' title='bbox 874 1440 991 1503; x_wconf 87' lang='lat' dir='ltr'><strong>est</strong></span> <span class='ocrx_word' id='word_1_58' title='bbox 1033 1436 1083 1500; x_wconf 66' lang='lat' dir='ltr'><strong>Le</strong></span> <span class='ocrx_word' id='word_1_59' title='bbox 1132 1424 1470 1527; x_wconf 89' lang='lat' dir='ltr'><strong>coralliis</strong></span> <span class='ocrx_word' id='word_1_60' title='bbox 1523 1429 2025 1528; x_wconf 77' lang='lat' dir='ltr'><strong>compositae.</strong></span> <span class='ocrx_word' id='word_1_61' title='bbox 2105 1492 2108 1497; x_wconf 77' lang='grc'><strong>.</strong></span> 
     </span>
    </p>

    <p class='ocr_par' dir='ltr' id='par_1_5' title="bbox 304 1539 2380 2553">
     <span class='ocr_line' id='line_1_11' title="bbox 516 1539 2364 1629; baseline 0 -11"><span class='ocrx_word' id='word_1_62' title='bbox 516 1539 787 1618; x_wconf 86' lang='lat' dir='ltr'><strong>Variae</strong></span> <span class='ocrx_word' id='word_1_63' title='bbox 847 1553 1032 1615; x_wconf 85' lang='lat' dir='ltr'><strong>sunt</strong></span> <span class='ocrx_word' id='word_1_64' title='bbox 1096 1551 1368 1626; x_wconf 89' lang='lat' dir='ltr'><strong>notae,</strong></span> <span class='ocrx_word' id='word_1_65' title='bbox 1451 1540 1547 1615; x_wconf 89' lang='lat' dir='ltr'><strong>ab</strong></span> <span class='ocrx_word' id='word_1_66' title='bbox 1610 1540 2065 1623; x_wconf 89' lang='lat' dir='ltr'><strong>auctoribus</strong></span> <span class='ocrx_word' id='word_1_67' title='bbox 2125 1540 2364 1629; x_wconf 57' lang='lat' dir='ltr'><strong>tradi,-</strong></span> 
     </span>
     <span class='ocr_line' id='line_1_12' title="bbox 316 1651 2364 1754; baseline 0 -25"><span class='ocrx_word' id='word_1_68' title='bbox 316 1668 480 1740; x_wconf 87' lang='lat' dir='ltr'><strong>tae,</strong></span> <span class='ocrx_word' id='word_1_69' title='bbox 537 1652 843 1753; x_wconf 79' lang='lat' dir='ltr'><strong>quihus</strong></span> <span class='ocrx_word' id='word_1_70' title='bbox 921 1652 1185 1752; x_wconf 85' lang='lat' dir='ltr'><strong>planta</strong></span> <span class='ocrx_word' id='word_1_71' title='bbox 1263 1651 1377 1731; x_wconf 65' lang='lat' dir='ltr'><strong>ab,</strong></span> <span class='ocrx_word' id='word_1_72' title='bbox 1444 1652 1759 1730; x_wconf 88' lang='lat' dir='ltr'><strong>animali</strong></span> <span class='ocrx_word' id='word_1_73' title='bbox 1840 1653 2364 1754; x_wconf 50' lang='lat' dir='ltr'><strong>distinguitur.</strong></span> 
     </span>
     <span class='ocr_line' id='line_1_13' title="bbox 312 1765 2380 1871; baseline 0 -27"><span class='ocrx_word' id='word_1_74' title='bbox 312 1771 489 1844; x_wconf 88' lang='lat' dir='ltr'><strong>Hoc</strong></span> <span class='ocrx_word' id='word_1_75' title='bbox 565 1766 746 1842; x_wconf 94' lang='lat' dir='ltr'><strong>loco</strong></span> <span class='ocrx_word' id='word_1_76' title='bbox 830 1765 1255 1841; x_wconf 87' lang='lat' dir='ltr'><strong>discrimen</strong></span> <span class='ocrx_word' id='word_1_77' title='bbox 1327 1765 1536 1840; x_wconf 90' lang='lat' dir='ltr'><strong>inter</strong></span> <span class='ocrx_word' id='word_1_78' title='bbox 1612 1766 1971 1842; x_wconf 90' lang='lat' dir='ltr'><strong>animalia</strong></span> <span class='ocrx_word' id='word_1_79' title='bbox 2034 1792 2380 1871; x_wconf 51' lang='lat' dir='ltr'><strong>compo?⁴⁴</strong></span> 
     </span>
     <span class='ocr_line' id='line_1_14' title="bbox 311 1876 2356 1981; baseline 0.002 -25"><span class='ocrx_word' id='word_1_80' title='bbox 311 1882 449 1956; x_wconf 85' lang='lat' dir='ltr'><strong>sita</strong></span> <span class='ocrx_word' id='word_1_81' title='bbox 521 1895 600 1957; x_wconf 77' lang='lat' dir='ltr'><strong>et</strong></span> <span class='ocrx_word' id='word_1_82' title='bbox 659 1879 962 1981; x_wconf 84' lang='lat' dir='ltr'><strong>plantas</strong></span> <span class='ocrx_word' id='word_1_83' title='bbox 1010 1876 1579 1959; x_wconf 80' lang='lat' dir='ltr'><strong>tantummodo,</strong></span> <span class='ocrx_word' id='word_1_84' title='bbox 1630 1879 2177 1980; x_wconf 86' lang='lat' dir='ltr'><strong>quaerendum</strong></span> <span class='ocrx_word' id='word_1_85' title='bbox 2227 1897 2356 1960; x_wconf 89' lang='lat' dir='ltr'><strong>est.</strong></span> 
     </span>
     <span class='ocr_line' id='line_1_15' title="bbox 307 1993 2358 2097; baseline 0.001 -27"><span class='ocrx_word' id='word_1_86' title='bbox 307 1993 435 2071; x_wconf 82' lang='lat' dir='ltr'><strong>Ad</strong></span> <span class='ocrx_word' id='word_1_87' title='bbox 496 2008 772 2070; x_wconf 72' lang='lat' dir='ltr'><strong>onum</strong></span> <span class='ocrx_word' id='word_1_88' title='bbox 835 1993 1192 2094; x_wconf 88' lang='lat' dir='ltr'><strong>corporis</strong></span> <span class='ocrx_word' id='word_1_89' title='bbox 1247 1993 1592 2090; x_wconf 86' lang='lat' dir='ltr'><strong>organici</strong></span> <span class='ocrx_word' id='word_1_90' title='bbox 1648 1993 2067 2094; x_wconf 80' lang='lat' dir='ltr'><strong>compositi</strong></span> <span class='ocrx_word' id='word_1_91' title='bbox 2116 1998 2358 2097; x_wconf 57' lang='lat' dir='ltr'><strong>respi÷</strong></span> 
     </span>
     <span class='ocr_line' id='line_1_16' title="bbox 311 2106 2354 2199; baseline 0.002 -16"><span class='ocrx_word' id='word_1_92' title='bbox 311 2107 690 2184; x_wconf 87' lang='lat' dir='ltr'><strong>ciendum</strong></span> <span class='ocrx_word' id='word_1_93' title='bbox 769 2121 915 2193; x_wconf 65' lang='grc' dir='ltr'><strong>θεὶς</strong></span> <span class='ocrx_word' id='word_1_94' title='bbox 999 2106 1070 2181; x_wconf 84' lang='lat' dir='ltr'><strong>si</strong></span> <span class='ocrx_word' id='word_1_95' title='bbox 1137 2107 1525 2183; x_wconf 82' lang='lat' dir='ltr'><strong>alimentis</strong></span> <span class='ocrx_word' id='word_1_96' title='bbox 1590 2108 1934 2183; x_wconf 90' lang='lat' dir='ltr'><strong>nutritur</strong></span> <span class='ocrx_word' id='word_1_97' title='bbox 2012 2133 2103 2184; x_wconf 88' lang='lat' dir='ltr'><strong>ex</strong></span> <span class='ocrx_word' id='word_1_98' title='bbox 2178 2111 2354 2199; x_wconf 90' lang='lat' dir='ltr'><strong>solo</strong></span> 
     </span>
     <span class='ocr_line' id='line_1_17' title="bbox 309 2220 2356 2325; baseline 0.002 -27"><span class='ocrx_word' id='word_1_99' title='bbox 309 2224 439 2298; x_wconf 87' lang='lat' dir='ltr'><strong>cui</strong></span> <span class='ocrx_word' id='word_1_100' title='bbox 479 2222 821 2297; x_wconf 79' lang='lat' dir='ltr'><strong>infixum</strong></span> <span class='ocrx_word' id='word_1_101' title='bbox 874 2234 991 2297; x_wconf 73' lang='lat' dir='ltr'><strong>est</strong></span> <span class='ocrx_word' id='word_1_102' title='bbox 1032 2220 1360 2309; x_wconf 81' lang='lat' dir='ltr'><strong>haustis,</strong></span> <span class='ocrx_word' id='word_1_103' title='bbox 1444 2233 1807 2301; x_wconf 85' lang='lat' dir='ltr'><strong>naturam</strong></span> <span class='ocrx_word' id='word_1_104' title='bbox 1851 2222 2089 2298; x_wconf 88' lang='lat' dir='ltr'><strong>habet</strong></span> <span class='ocrx_word' id='word_1_105' title='bbox 2133 2224 2356 2325; x_wconf 61' lang='lat' dir='ltr'><strong>plan-⁹</strong></span> 
     </span>
     <span class='ocr_line' id='line_1_18' title="bbox 304 2334 2356 2439; baseline 0.002 -25"><span class='ocrx_word' id='word_1_106' title='bbox 304 2351 602 2426; x_wconf 86' lang='lat' dir='ltr'><strong>tarum,</strong></span> <span class='ocrx_word' id='word_1_107' title='bbox 653 2335 718 2413; x_wconf 89' lang='lat' dir='ltr'><strong>si</strong></span> <span class='ocrx_word' id='word_1_108' title='bbox 765 2351 956 2412; x_wconf 75' lang='lat' dir='ltr'><strong>vero</strong></span> <span class='ocrx_word' id='word_1_109' title='bbox 1008 2334 1395 2413; x_wconf 85' lang='lat' dir='ltr'><strong>alimentis</strong></span> <span class='ocrx_word' id='word_1_110' title='bbox 1445 2358 1490 2411; x_wconf 89' lang='lat' dir='ltr'><strong>e</strong></span> <span class='ocrx_word' id='word_1_111' title='bbox 1531 2335 1736 2418; x_wconf 80' lang='lat' dir='ltr'><strong>mari</strong></span> <span class='ocrx_word' id='word_1_112' title='bbox 1772 2335 2134 2439; x_wconf 88' lang='lat' dir='ltr'><strong>undique</strong></span> <span class='ocrx_word' id='word_1_113' title='bbox 2180 2364 2356 2418; x_wconf 74' lang='lat' dir='ltr'><strong>cor-</strong></span> 
     </span>
     <span class='ocr_line' id='line_1_19' title="bbox 306 2449 1926 2553; baseline 0 -26"><span class='ocrx_word' id='word_1_114' title='bbox 306 2453 573 2553; x_wconf 80' lang='lat' dir='ltr'><strong>reptiS,</strong></span> <span class='ocrx_word' id='word_1_115' title='bbox 626 2449 1089 2528; x_wconf 85' lang='lat' dir='ltr'><strong>animalium</strong></span> <span class='ocrx_word' id='word_1_116' title='bbox 1138 2450 1497 2552; x_wconf 86' lang='lat' dir='ltr'><strong>sequitur</strong></span> <span class='ocrx_word' id='word_1_117' title='bbox 1543 2463 1926 2528; x_wconf 78' lang='lat' dir='ltr'><strong>naturam.</strong></span> 
     </span>
    </p>

    <p class='ocr_par' dir='ltr' id='par_1_6' title="bbox 303 2563 2351 2880">
     <span class='ocr_line' id='line_1_20' title="bbox 501 2563 2351 2665; baseline 0.002 -25"><span class='ocrx_word' id='word_1_118' title='bbox 501 2570 717 2641; x_wconf 85' lang='lat' dir='ltr'><strong>Inter</strong></span> <span class='ocrx_word' id='word_1_119' title='bbox 812 2589 1149 2664; x_wconf 87' lang='lat' dir='ltr'><strong>corpora</strong></span> <span class='ocrx_word' id='word_1_120' title='bbox 1255 2563 1618 2665; x_wconf 79' lang='lat' dir='ltr'><strong>organica</strong></span> <span class='ocrx_word' id='word_1_121' title='bbox 1730 2577 1806 2649; x_wconf 84' lang='lat' dir='ltr'><strong>et</strong></span> <span class='ocrx_word' id='word_1_122' title='bbox 1897 2565 2351 2664; x_wconf 83' lang='lat' dir='ltr'><strong>inorganica</strong></span> 
     </span>
     <span class='ocr_line' id='line_1_21' title="bbox 308 2676 2349 2781; baseline 0.001 -26"><span class='ocrx_word' id='word_1_123' title='bbox 308 2678 533 2755; x_wconf 89' lang='lat' dir='ltr'><strong>nulla</strong></span> <span class='ocrx_word' id='word_1_124' title='bbox 600 2690 783 2752; x_wconf 89' lang='lat' dir='ltr'><strong>sunt</strong></span> <span class='ocrx_word' id='word_1_125' title='bbox 840 2701 1170 2779; x_wconf 91' lang='lat' dir='ltr'><strong>corpora</strong></span> <span class='ocrx_word' id='word_1_126' title='bbox 1232 2676 1732 2764; x_wconf 87' lang='lat' dir='ltr'><strong>intermedia,</strong></span> <span class='ocrx_word' id='word_1_127' title='bbox 1798 2677 2004 2755; x_wconf 91' lang='lat' dir='ltr'><strong>inter</strong></span> <span class='ocrx_word' id='word_1_128' title='bbox 2045 2680 2349 2781; x_wconf 79' lang='lat' dir='ltr'><strong>&#39;plantas</strong></span> 
     </span>
     <span class='ocr_line' id='line_1_22' title="bbox 303 2789 2074 2880; baseline -0.001 -9"><span class='ocrx_word' id='word_1_129' title='bbox 303 2816 501 2871; x_wconf 81' lang='lat' dir='ltr'><strong>vero</strong></span> <span class='ocrx_word' id='word_1_130' title='bbox 551 2806 632 2870; x_wconf 86' lang='lat' dir='ltr'><strong>et</strong></span> <span class='ocrx_word' id='word_1_131' title='bbox 678 2789 1065 2880; x_wconf 80' lang='lat' dir='ltr'><strong>animalia,</strong></span> <span class='ocrx_word' id='word_1_132' title='bbox 1110 2792 1365 2872; x_wconf 79' lang='lat' dir='ltr'><strong>multa</strong></span> <span class='ocrx_word' id='word_1_133' title='bbox 1411 2806 1626 2870; x_wconf 20' lang='lat' dir='ltr'><strong>certe.</strong></span> <span class='ocrx_word' id='word_1_134' title='bbox 1666 2793 2074 2870; x_wconf 85' lang='lat' dir='ltr'><strong>intersunt.</strong></span> 
     </span>
    </p>
   </div>
   <div class='ocr_carea' id='block_1_5' title="bbox 305 2992 2354 3426">
    <p class='ocr_par' dir='ltr' id='par_1_7' title="bbox 305 2992 2354 3392">
     <span class='ocr_line' id='line_1_23' title="bbox 305 2992 2350 3112; baseline -0.002 -28"><span class='ocrx_word' id='word_1_135' title='bbox 305 2998 449 3086; x_wconf 78' lang='lat'><strong>12.</strong></span> <span class='ocrx_word' id='word_1_136' title='bbox 539 2992 953 3092; x_wconf 83' lang='lat' dir='ltr'><strong>Plantae</strong></span> <span class='ocrx_word' id='word_1_137' title='bbox 1013 3004 1287 3100; x_wconf 79' lang='lat' dir='ltr'><strong>totae</strong></span> <span class='ocrx_word' id='word_1_138' title='bbox 1351 2999 1528 3082; x_wconf 70' lang='lat' dir='ltr'><strong>aut</strong></span> <span class='ocrx_word' id='word_1_139' title='bbox 1600 3018 1949 3080; x_wconf 84' lang='lat' dir='ltr'><strong>earum</strong></span> <span class='ocrx_word' id='word_1_140' title='bbox 2008 3005 2350 3112; x_wconf 85' lang='lat' dir='ltr'><strong>partes</strong></span> 
     </span>
     <span class='ocr_line' id='line_1_24' title="bbox 433 3130 2354 3251; baseline -0.002 -28"><span class='ocrx_word' id='word_1_141' title='bbox 433 3160 869 3251; x_wconf 86' lang='lat' dir='ltr'><strong>corpora</strong></span> <span class='ocrx_word' id='word_1_142' title='bbox 907 3137 1465 3250; x_wconf 66' lang='lat' dir='ltr'><strong>symmetria-a</strong></span> <span class='ocrx_word' id='word_1_143' title='bbox 1497 3141 1764 3232; x_wconf 79' lang='lat' dir='ltr'><strong>sunt,</strong></span> <span class='ocrx_word' id='word_1_144' title='bbox 1828 3130 1952 3217; x_wconf 88' lang='lat' dir='ltr'><strong>ab</strong></span> <span class='ocrx_word' id='word_1_145' title='bbox 2009 3140 2354 3230; x_wconf 78' lang='lat' dir='ltr'><strong>exacta</strong></span> 
     </span>
     <span class='ocr_line' id='line_1_25' title="bbox 431 3263 2111 3426; baseline -0.003 -63"><span class='ocrx_word' id='word_1_146' title='bbox 431 3272 1008 3426; x_wconf 78' lang='lat' dir='ltr'><strong>symmetria</strong></span> <span class='ocrx_word' id='word_1_147' title='bbox 1054 3289 1431 3392; x_wconf 77' lang='lat' dir='ltr'><strong>parum</strong></span> <span class='ocrx_word' id='word_1_148' title='bbox 1490 3263 2111 3396; x_wconf 84' lang='lat' dir='ltr'><strong>recedentes.</strong></span> 
     </span>
    </p>
   </div>
   <div class='ocr_carea' id='block_1_6' title="bbox 492 3458 2346 3564">
    <p class='ocr_par' dir='ltr' id='par_1_8' title="bbox 492 3458 2346 3564">
     <span class='ocr_line' id='line_1_26' title="bbox 492 3458 2346 3564; baseline -0.002 -26"><span class='ocrx_word' id='word_1_149' title='bbox 492 3463 852 3564; x_wconf 83' lang='lat' dir='ltr'><strong>Corpora</strong></span> <span class='ocrx_word' id='word_1_150' title='bbox 913 3458 1414 3559; x_wconf 77' lang='lat' dir='ltr'><strong>symmetrica</strong></span> <span class='ocrx_word' id='word_1_151' title='bbox 1477 3483 1889 3548; x_wconf 79' lang='lat' dir='ltr'><strong>vocamuS,</strong></span> <span class='ocrx_word' id='word_1_152' title='bbox 1959 3484 2168 3563; x_wconf 88' lang='lat' dir='ltr'><strong>quae</strong></span> <span class='ocrx_word' id='word_1_153' title='bbox 2227 3484 2346 3535; x_wconf 87' lang='lat' dir='ltr'><strong>se-</strong></span> 
     </span>
    </p>
   </div>
   <div class='ocr_carea' id='block_1_7' title="bbox 293 3569 2344 3819">
    <p class='ocr_par' dir='ltr' id='par_1_9' title="bbox 293 3569 2344 3791">
     <span class='ocr_line' id='line_1_27' title="bbox 300 3569 2343 3679; baseline -0.002 -27"><span class='ocrx_word' id='word_1_154' title='bbox 300 3576 562 3660; x_wconf 71' lang='lat' dir='ltr'><strong>ctione</strong></span> <span class='ocrx_word' id='word_1_155' title='bbox 623 3574 972 3679; x_wconf 83' lang='lat' dir='ltr'><strong>quadam</strong></span> <span class='ocrx_word' id='word_1_156' title='bbox 1033 3577 1117 3652; x_wconf 88' lang='lat' dir='ltr'><strong>in</strong></span> <span class='ocrx_word' id='word_1_157' title='bbox 1186 3569 1354 3654; x_wconf 81' lang='lat' dir='ltr'><strong>duo</strong></span> <span class='ocrx_word' id='word_1_158' title='bbox 1403 3572 1640 3651; x_wconf 83' lang='lat' dir='ltr'><strong>latera</strong></span> <span class='ocrx_word' id='word_1_159' title='bbox 1689 3598 2041 3673; x_wconf 84' lang='lat' dir='ltr'><strong>congrua</strong></span> <span class='ocrx_word' id='word_1_160' title='bbox 2093 3572 2343 3649; x_wconf 88' lang='lat' dir='ltr'><strong>dividi</strong></span> 
     </span>
     <span class='ocr_line' id='line_1_28' title="bbox 293 3687 2344 3819; baseline -0.002 -52"><span class='ocrx_word' id='word_1_161' title='bbox 293 3704 667 3819; x_wconf 84' lang='lat' dir='ltr'><strong>possunt,</strong></span> <span class='ocrx_word' id='word_1_162' title='bbox 735 3704 1199 3787; x_wconf 76' lang='lat' dir='ltr'><strong>asymmetra</strong></span> <span class='ocrx_word' id='word_1_163' title='bbox 1243 3713 1455 3777; x_wconf 80' lang='lat' dir='ltr'><strong>vero,</strong></span> <span class='ocrx_word' id='word_1_164' title='bbox 1497 3713 1704 3791; x_wconf 80' lang='lat' dir='ltr'><strong>quae</strong></span> <span class='ocrx_word' id='word_1_165' title='bbox 1738 3689 1956 3767; x_wconf 89' lang='lat' dir='ltr'><strong>nulla</strong></span> <span class='ocrx_word' id='word_1_166' title='bbox 1996 3687 2344 3764; x_wconf 90' lang='lat' dir='ltr'><strong>sectione</strong></span> 
     </span>
    </p>
   </div>
   <div class='ocr_carea' id='block_1_8' title="bbox 138 3801 1818 3904">
    <p class='ocr_par' dir='ltr' id='par_1_10' title="bbox 138 3801 1818 3904">
     <span class='ocr_line' id='line_1_29' title="bbox 138 3801 1818 3904; baseline 0.001 -25"><span class='ocrx_word' id='word_1_167' title='bbox 138 3869 155 3880; x_wconf 68' lang='grc'>,</span> <span class='ocrx_word' id='word_1_168' title='bbox 293 3803 377 3880; x_wconf 89' lang='lat' dir='ltr'><strong>in</strong></span> <span class='ocrx_word' id='word_1_169' title='bbox 422 3804 667 3881; x_wconf 88' lang='lat' dir='ltr'><strong>latera</strong></span> <span class='ocrx_word' id='word_1_170' title='bbox 708 3802 885 3886; x_wconf 85' lang='lat' dir='ltr'><strong>duo</strong></span> <span class='ocrx_word' id='word_1_171' title='bbox 930 3827 1285 3904; x_wconf 78' lang='lat' dir='ltr'><strong>congrua</strong></span> <span class='ocrx_word' id='word_1_172' title='bbox 1335 3801 1818 3880; x_wconf 84' lang='lat' dir='ltr'><strong>dividuntur.</strong></span> 
     </span>
    </p>
   </div>
   <div class='ocr_carea' id='block_1_9' title="bbox 284 3911 2341 4132">
    <p class='ocr_par' dir='ltr' id='par_1_11' title="bbox 284 3911 2341 4132">
     <span class='ocr_line' id='line_1_30' title="bbox 487 3911 2341 4032; baseline -0.002 -37"><span class='ocrx_word' id='word_1_173' title='bbox 487 3922 700 4005; x_wconf 86' lang='lat' dir='ltr'><strong>Sunt</strong></span> <span class='ocrx_word' id='word_1_174' title='bbox 784 3940 1115 4032; x_wconf 80' lang='lat' dir='ltr'><strong>qnoque</strong></span> <span class='ocrx_word' id='word_1_175' title='bbox 1198 3941 1590 4020; x_wconf 79' lang='lat' dir='ltr'><strong>corpora,</strong></span> <span class='ocrx_word' id='word_1_176' title='bbox 1685 3937 1893 4018; x_wconf 87' lang='lat' dir='ltr'><strong>quae</strong></span> <span class='ocrx_word' id='word_1_177' title='bbox 1977 3911 2341 4015; x_wconf 86' lang='lat' dir='ltr'><strong>pluribus</strong></span> 
     </span>
     <span class='ocr_line' id='line_1_31' title="bbox 284 4025 2340 4132; baseline -0.002 -20"><span class='ocrx_word' id='word_1_178' title='bbox 284 4031 782 4112; x_wconf 84' lang='lat' dir='ltr'><strong>sectionibus</strong></span> <span class='ocrx_word' id='word_1_179' title='bbox 830 4033 915 4110; x_wconf 94' lang='lat' dir='ltr'><strong>in</strong></span> <span class='ocrx_word' id='word_1_180' title='bbox 962 4036 1199 4121; x_wconf 82' lang='lat' dir='ltr'><strong>latera</strong></span> <span class='ocrx_word' id='word_1_181' title='bbox 1248 4030 1418 4124; x_wconf 81' lang='lat' dir='ltr'><strong>duo</strong></span> <span class='ocrx_word' id='word_1_182' title='bbox 1464 4045 1814 4132; x_wconf 76' lang='lat' dir='ltr'><strong>congrua</strong></span> <span class='ocrx_word' id='word_1_183' title='bbox 1863 4025 2107 4115; x_wconf 86' lang='lat' dir='ltr'><strong>dividi</strong></span> <span class='ocrx_word' id='word_1_184' title='bbox 2157 4053 2340 4132; x_wconf 84' lang='lat' dir='ltr'><strong>pos·</strong></span> 
     </span>
    </p>
   </div>
  </div>
 </body>
</html>
