2843 4800
528 328 683 405 316.
1262 323 1841 403 FRUCTUS.

527 523 784 600 tibiles
833 546 1001 600 non
1049 521 1399 597 multum
1452 520 1768 611 distant,
1816 522 2222 601 immaturi
2274 520 2584 622 integri,

525 637 814 714 maturi
864 661 1051 712 vero
1102 633 1475 711 facillime
1524 636 1608 710 in
1658 651 1914 737 partes
1963 636 2399 738 separandi.
2475 715 2480 724 ,

718 754 982 825 Partes
1041 747 1344 825 :fructus
1406 750 1863 851 multiplicis
1928 751 2011 824 in
2075 751 2585 828 Ranuncula-

528 868 681 942 ceis
760 865 879 938 De
960 863 1344 939 Candolle
1418 868 1777 966 carpellas
1853 878 2163 950 vocant,
2243 867 2584 941 nomine

527 994 747 1082 apt0‚
811 978 1309 1084 reliquorum
1368 1007 1591 1054 coeca
1657 977 2019 1082 dixerim,
2085 1003 2230 1053 nec
2309 980 2583 1055 termi-

526 1120 725 1169 num
785 1107 947 1168 tam
999 1090 1420 1172 artificiose
1447 1084 1710 1193 ‘quam
1748 1094 2223 1170 'Gaertnerus
2256 1095 2585 1169 restrin-

525 1208 793 1285 xerim.
974 1229 979 1236 ²

720 1319 910 1418 styli
962 1317 1452 1396 continuatio
1517 1308 1747 1421 saepe
1807 1343 1953 1421 per
2015 1345 2243 1396 coeca
2295 1320 2582 1397 decur-

521 1438 628 1514 rit
668 1450 779 1536 *ut
814 1434 1472 1538 ,in·Eupl10rbiiS,
1520 1433 2052 1536 Umbelliferis
2105 1448 2275 1540 etc„
2328 1463 2579 1537 quam

521 1550 941 1656 stylobasz'n
992 1548 1345 1646 dixerim.

714 1667 1047 1740 Fructus
1110 1665 1566 1765 compositus
1631 1661 1698 1737 is
1766 1671 1932 1750 est‚‘
1980 1663 2117 1766 qui
2185 1688 2228 1739 e
2288 1665 2579 1762 germi-

521 1780 760 1866 nibus
811 1778 1305 1854 diversorum
1355 1776 1657 1853 florum
1709 1777 2088 1852 coalescit.
2166 1777 2577 1879 Caprifolii

521 1893 822 1974 fructus
886 1893 1047 1968 huc
1108 1891 1538 1991 pertinent¹
1578 1905 1656 1966 et
1729 1917 2166 1992 paucarum
2238 1885 2626 1968 aliarum'

520 2009 990 2110 plantarum.

717 2120 1089 2196 Strobilus
1164 2117 1264 2193 ad
1338 2116 1643 2194 fructus
1719 2119 2209 2219 compositos
2295 2118 2576 2200 referri

482 2247 806 2336 potest,
859 2247 994 2309 aut
1040 2231 1313 2316 locum
1362 2233 1578 2308 hisce
1625 2233 1977 2308 vicinum
2028 2234 2175 2309 sibi
2209 2232 2574 2309 vindicat.

522 2349 801 2430 Oritur
863 2372 953 2422 ex
1021 2360 1376 2435 amente,
1443 2347 1773 2424 bracteis
1824 2347 2446 2451 excrescentibus
2497 2361 2579 2424 et

517 2462 947 2565 pericarpia
986 2462 1450 2559 tegentibuS‚
1502 2461 1771 2551 differt
1815 2486 2013 2545 vero·
2060 2463 2157 2537 ab
2206 2460 2575 2538 inflores-

378 2648 389 2657 .
522 2576 802 2664 centia,
864 2575 1088 2676 quod
1152 2591 1367 2665 totus
1436 2576 1746 2653 decidat
1808 2585 1885 2652 et
1947 2575 2187 2652 simul
2236 2577 2574 2677 pericar-

517 2692 648 2794 pia
723 2682 1037 2766 emittat„
1160 2690 1547 2767 Galbulus
1617 2690 1968 2789 luniperi
2043 2689 2155 2764 nil
2233 2705 2349 2767 est
2416 2690 2571 2765 nisi
2705 2753 2710 2759 .

519 2804 893 2889 strjobilus
941 2805 1303 2893 baccatus
1356 2819 1432 2880 et
1481 2804 1846 2907 Cupressi
1896 2802 2256 2902 galbulus
2292 2831 2336 2880 a
2369 2819 2575 2881 stro-

515 2920 683 2995 bilo
748 2944 916 2995 non
981 2919 1132 2995 nisi
1198 2919 1549 3020 squamis
1608 2917 1913 3020 peltatis
1978 2915 2260 2999 differt.
2385 2918 2565 2995 Alni

516 3034 866 3110 fructum
935 3039 1409 3111 Gaertnerus
1476 3046 1883 3113 amentum
1934 3047 2161 3108 vocat
2208 3031 2566 3107 strobila-

520 3174 783 3235 ceum,
837 3161 913 3222 et
961 3162 1257 3227 certea
1310 3146 1641 3221 strobilo
1694 3144 2177 3233 nullomodo
2234 3144 2516 3223 differt.

696 3263 934 3339 ‘Ficus
952 3263 1267 3363 fructus
1318 3258 1418 3334 ad
1472 3260 1971 3359 compositos
1991 3258 2566 3360 referendi.pe-.

514 3375 851 3474 ricarpio
919 3372 1555 3475 spurioinclusi.
1670 3373 2094 3450 Oriuntur·
2127 3398 2215 3450 ex
2265 3373 2564 3475 hypan÷

514 3487 801 3568 thodio
878 3486 1117 3563 flores
1193 3502 1269 3563 et
1344 3486 1550 3579 dein
1592 3484 1896 3564 fructus
1956 3486 2416 3563 includente
2489 3502 2566 3564 et

516 3628 702 3681 cum
751 3601 939 3701 ipsis
988 3615 1452 3678 maturante.
1849 3684 1852 3687 ¹

706 3721 1038 3792 Fructus
1093 3718 1361 3791 velatos
1415 3721 1894 3792 Gaertnerus
1943 3729 2196 3802 vocat,
2250 3715 2389 3816 qui
2443 3741 2563 3792 ca-

511 3833 680 3928 lyce
756 3842 891 3904 aut
963 3828 1259 3905 corolla
1335 3843 1471 3904 aut
1543 3829 1710 3904 aliis
1771 3830 1995 3906 floris
2057 3829 2432 3931 partibus·
2462 3828 2564 3917 ad
2655 3820 2674 3881 f

512 3944 1126 4029 maturationem
1174 3968 1433 4044 usque
1481 3945 2075 4045 persistentibus
2122 3942 2228 4019 ita
2287 3957 2563 4041 tegun-
2685 4016 2692 4019 ,

512 4072 646 4134 tur
660 4106 683 4173 ‚3
726 4071 819 4133 ut
866 4056 1168 4134 fructus
1218 4057 1364 4160 ipsi
1420 4058 1768 4161 conspici
1807 4071 2130 4160 queant.
