2843 4800
539 328 687 425 «με»
1278 326 1851 402 εΥεΤΕΜΑ.

543 506 879 605 retinere
927 545 1214 627 genus»,
1263 540 1344 602 et
1387 549 1595 603 nova
1647 521 2153 602 considerare
2191 534 2615 626 tamquam

542 641 1016 741 subgenera,
1066 639 1312 717 liceat.
1410 639 1618 718 Vide
1665 637 1870 714 infra
1921 637 2134 734 (223.
2152 638 2208 735 ).
2561 632 2564 633 ’

738 753 1230 833 Terminatio
1284 768 1361 831 et
1427 777 1674 834 sonus
1724 752 2155 827 nominum
2206 754 2616 851 generice·

542 894 762 959 rum,
829 885 1218 972 quantum
1285 868 1460 944 fieri
1526 878 1821 969 potest,
1887 865 2134 942 facilis
2195 867 2611 949 reddenda

544 998 730 1061 sunt
778 983 1004 1082 (ibid.
1053 983 1276 1081 248).
1374 988 1543 1059 Nec
1590 997 1859 1059 tamen
1905 980 2365 1070 omittenda,
2404 1006 2608 1085 quae

542 1100 975 1175 necessaria
1040 1111 1227 1175 sunt
1293 1096 1395 1174 ad
1463 1095 2064 1195 etymologiam:
2136 1110 2229 1171 ut
2277 1099 2605 1176 Auberti

549 1212 1055 1290 Schisolaena
1143 1212 1329 1289 loco
1431 1208 2097 1288 Schizoehlaenae
2177 1210 2608 1311 (Sprengel

547 1325 648 1403 ad
721 1330 889 1405 247.
961 1326 1234 1430 potius
1308 1324 1410 1401 ad
1473 1324 1710 1422 248..)
1821 1328 2028 1400 Nam
2093 1322 2173 1397 in
2243 1324 2369 1399 his
2420 1351 2605 1431 sane

543 1439 785 1517 refert
842 1440 1430 1538 etymologiam
1459 1463 1716 1527 nosse,
1765 1439 1851 1514 in
1900 1437 2371 1515 nominibus
2417 1464 2603 1541 pro—

544 1554 738 1659 priis
790 1579 959 1632 non
1010 1554 1265 1632 refert.
2107 1555 2650 1685 βῇῗχέῖιίῖω,

739 1670 1088 1745 Nomina
1186 1668 1547 1772 generica
1634 1665 2241 1769 sesquipedalia,
2354 1692 2602 1744 enun-

547 1783 759 1859 ciatu
807 1783 1162 1860 difficilia
1211 1784 1336 1861 vel
1383 1779 1972 1869 nauseabunda,
2004 1779 2381 1879 fugienda
2420 1795 2599 1858 sunt

547 1898 790 1997 (ibid.
838 1902 1004 1977 249.
1018 1899 1072 1997 ).
1895 1922 1900 1929 ·

742 2012 1140 2089 Terminis
1204 2013 1420 2101 artiS,
1481 2012 1667 2089 loco
1718 2009 2149 2089 nominum
2198 2009 2600 2108 generice-

538 2146 730 2204 rum
778 2129 932 2231 uti,
980 2127 1531 2204 inconsultum
1583 2140 1698 2202 est
1747 2124 1987 2224 (ibid.
2032 2126 2269 2223 250).

544 2367 751 2456 222.
871 2361 1251 2455 Forma
1347 2374 1450 2453 et
1545 2361 1963 2484 qualitas
2068 2360 2586 2481 peculiaris

665 2504 1133 2595 nondum
1194 2504 1306 2596 in
1370 2503 1669 2616 aliam
1728 2516 2109 2595 mutata
2130 2572 2152 2606 ‚
2231 2509 2591 2621 speciem

669 2645 1208 2738 constituit.

741 2817 1055 2919 Species
1122 2843 1213 2894 ex
1284 2815 1705 2920 hypothesi
1781 2839 1951 2891 non
2028 2814 2590 2903 constituenda,

538 2932 913 3007 Botanica
996 2932 1215 3008 enim
1301 2931 1765 3033 descriptiva
1845 2953 2015 3005 non
2099 2943 2213 3004 est
2277 2930 2588 3006 scientia

537 3042 1062 3147 hypothetica.
1176 3045 1258 3123 Si
1328 3071 1659 3148 quoque
1720 3042 2387 3120 verisimillimum
2470 3059 2594 3133 est.
2723 3050 2728 3060 '

538 3160 881 3261 speciem
955 3161 1125 3236 tibi³
1180 3161 1675 3261 propositam
1771 3156 1886 3232 nil
1983 3181 2149 3233 esse
2238 3159 2389 3234 nisi
2473 3186 2593 3235 va-

536 3274 895 3348 rietatem
977 3274 1176 3350 alius
1226 3273 1574 3373 speciei,
1664 3271 2236 3374 expectandum
2326 3288 2589 3350 tamen

539 3384 719 3474 erit,
781 3402 875 3464 ut
921 3387 1008 3464 id
1061 3388 1613 3465 observatione
1663 3401 1740 3462 et
1789 3387 2259 3488 experientia
2308 3388 2592 3490 probe-

536 3515 687 3580 tur.
783 3501 1075 3580 Melius
1125 3515 1242 3578 est
1289 3502 1741 3578 varietatem
1787 3515 1939 3604 pro
1992 3500 2250 3603 specie
2299 3527 2593 3606 propo·
2668 3542 2682 3567 ο

536 3639 758 3704 nere,
814 3642 1057 3719 quam
1109 3617 1451 3719 speciem
1503 3642 1650 3718 pro
1702 3617 2087 3718 varietate.

726 3730 1081 3808 Varietas
1149 3745 1297 3819 est,
1364 3755 1570 3832 quae
1634 3730 1939 3807 cultura
1990 3732 2073 3806 in
2126 3729 2358 3807 aliam
2410 3727 2593 3806 abiit

532 3842 916 3933 formam,
956 3859 1122 3922 aut
1173 3870 1378 3948 quae
1430 3868 1616 3920 cum
1667 3845 1811 3921 alia
1860 3844 2122 3923 forma
2176 3842 2590 3942 conjuncta

533 3958 637 4034 in·
672 3959 1139 4061 spontaneis
1184 3960 1533 4037 occurrit
1579 3959 1887 4063 plantis·
1986 3962 2190 4035 Sunt
2232 3984 2420 4036 vero
2467 3947 2611 4035 va-⁸

522 4067 878 4163 rietates,
931 4081 1165 4176 quae·
1196 4069 1426 4151 facile
1485 4074 1572 4151 in
1623 4073 1856 4152 aliam
1906 4073 2200 4152 abeunt
2243 4072 2587 4150 formam

2747 3763 2770 3798 θ
