2843 4800
1080 328 1458 405 FOLIA.
2155 333 2296 406 191

239 529 589 609 concreti
650 527 1161 615 videantur,
1138 526 1689 628 reperiuntur
1759 526 1868 601 in
1915 528 2299 609 Banksiae

239 645 583 749 petioli3‚
684 641 1176 743 aliarumque
1265 640 1788 742 plantarum&
1805 639 2154 732 acci-eti„
2175 649 2303 719 at

243 758 619 836 nondum
680 781 869 838 vere
912 756 1278 843 concreti,
1316 756 1460 829 in
1485 757 1674 832 Cisti
1739 755 2105 833 undulati
2167 783 2302 858 pe-

244 873 456 949 tiolis
523 871 881 973 aliisque;
943 871 1303 946 concreti
1356 870 1443 944 in
1494 869 1886 950 annulum
1937 869 2302 952 dimidia.-

241 1002 419 1063 tum
494 985 581 1060 in
659 981 1079 1062 Camelliae
1136 983 1503 1084 petiolis,
1583 985 1928 1060 concreti
2000 987 2087 1060 in
2141 992 2301 1061 :ani-

243 1101 535 1177 nulum
585 1100 1015 1197 integmrm
1053 1099 1143 1173 in
1191 1097 1596 1198 Spondiae
1641 1100 2012 1173 Mombin
2044 1100 2297 1201 petio-

244 1216 373 1303 lis,
426 1211 652 1310 cujus
704 1212 1156 1314 exemplum
1200 1212 1401 1287 sistit
1452 1215 1541 1287 T.
1590 1212 1659 1287 2.
1708 1209 1761 1287 f.
1791 1216 1909 1289 29.
1949 1207 2093 1289 ubi
2128 1239 2300 1290 cor·

234 1345 391 1407 tex
418 1327 758 1412 exterior
802 1356 858 1403 a
909 1351 953 1402 e
1001 1324 1300 1402 cellulis
1347 1323 1824 1414 minoribus,
1871 1328 2208 1404 interior
2254 1329 2299 1404 b
2337 1389 2346 1394 -

246 1468 290 1520 e
351 1440 822 1540 majoribuS,
902 1440 1234 1516 intimus
1296 1470 1339 1516 c
1398 1464 1444 1516 e
1505 1441 1705 1516 vasis
1770 1439 2089 1517 fibrosis
2136 1441 2299 1520 for-

154 1617 159 1624 .
243 1572 525 1635 matur·
569 1556 861 1632 cortice
908 1559 1001 1630 ut
1045 1554 1132 1628 in
1180 1555 1383 1630 veris
1431 1556 1674 1631 ramis
1725 1580 1786 1631 a.
1817 1555 2036 1654 ligno
2089 1582 2298 1635 sece—

248 1669 499 1748 dente.
609 1671 954 1767 Lignum
1017 1671 1075 1745 d
1143 1668 1511 1745 radiatim
1563 1670 1863 1757 crescit,
1911 1668 2301 1747 fasciculis

246 1809 617 1862 vasorum
691 1782 1105 1884 spiralium
1180 1811 1223 1859 e
1295 1784 1524 1858 circa
1570 1782 2013 1859 medullam
2072 1798 2167 1860 ut
2211 1786 2297 1860 in

242 1897 499 1986 caule,-
542 1895 907 1998 reliquis
954 1896 1185 1972 intra
1248 1869 1564 1995 lignum
1619 1895 2023 1973 demersis.
2131 1902 2299 1975 Me-

242 2013 460 2090 dulla
508 2016 589 2116 f
645 2008 1029 2088 medium
1091 2024 1517 2111 occupat.
1535 2009 1892 2086 Videbis
1968 2015 2300 2115 quoque

241 2126 636 2203 annulum
692 2127 1095 2223 integrum
1159 2138 1237 2200 et
1294 2122 1712 2201 fasciculos
1751 2125 2130 2224 :lignosos
2181 2127 2299 2203 di—

240 2251 536 2319 scretos
581 2240 785 2315 intra
832 2237 1274 2315 medullam
1321 2241 1634 2340 sparsos
1680 2240 1768 2315 in
1814 2240 2299 2341 quibusdam

241 2380 343 2436 04
355 2375 445 2455 g.
466 2355 559 2430 :in
610 2353 803 2430 Citri
853 2354 1289 2456 speciebus.

440 2470 726 2547 Cortex
772 2468 1046 2571 petioli
1095 2469 1360 2546 teret-is
1406 2468 1774 2572 undique
1821 2496 2127 2549 crassus
2161 2485 2297 2560 est.

242 2581 729 2661 canaliculati
787 2608 983 2659 vero
1027 2583 1113 2658 in
1162 2583 1402 2665 latere
1449 2583 1829 2662 interiore
1874 2586 2135 2662 multo
2185 2600 2301 2663 te·-

240 2697 505 2772 nuior.
623 2695 1040 2774 Interdum
1114 2696 1217 2772 'ad
1287 2696 1513 2772 basin
1539 2726 1554 2751 ι·
1588 2700 1853 2775 subito
1915 2700 2296 2776 increscit.

242 2813 536 2912 Cortex
582 2810 952 2912 petiolisa
1004 2811 1293 2889 cortice
1340 2810 1682 2888 laminae
1731 2811 2117 2889 discretus
2185 2827 2303 2890 est

239 2924 583 3013 in··Citri
638 2923 896 3013 foliis,
946 2926 1052 3002 ita
1098 2939 1192 3007 ut
1239 2916 1475 3025 supra
1528 2925 1960 3004 auriculam
2012 2926 2113 3003 ad
2163 2928 2300 3003 ba·

236 3039 365 3117 sin
409 3036 757 3117 laminae
802 3039 1008 3120 linea
1060 3055 1426 3140 separans
1460 3041 2006 3139 conspiciatur.
2099 3042 2300 3123 Om÷

240 3175 384 3227 nes
426 3176 633 3229 xero
695 3154 1296 3245 incrassationes
1356 3166 1440 3230 et
1498 3154 2028 3259 separationes
2089 3151 2300 3239 fiunt

240 3266 570 3355 cortice.
620 3292 815 3345 nam
852 3267 1167 3365 lignum
1242 3268 1541 3369 absque
1602 3266 2194 3369 interruptione
2239 3291 2296 3357 ,e

240 3405 471 3457 ramo
496 3382 581 3456 in
641 3381 1032 3484 petiolum
1048 3420 1087 3469 ·,1
1118 3406 1263 3466 nec
1292 3368 1484 3467 ‚non
1537 3405 1579 3456 e
1628 3381 1930 3481 petiolo
1979 3382 2072 3456 in
2119 3402 2297 3467 ner?

238 3504 443 3572 suin:
470 3494 957 3599 primarium
1001 3493 1517 3573 folii-transit.

432 3609 663 3684 Basin
712 3608 986 3710 petioli
1039 3622 1175 3684 aut
1220 3608 1439 3684 nervi
1490 3609 1865 3709 primarii,
1911 3611 2054 3687 uhi
2106 3634 2293 3693 cum

237 3730 467 3817 ramo
535 3740 936 3803 connexus
967 3737 1157 3810 ⁸est,
1227 3725 1626 3824 pulvinum
1705 3750 1890 3805 cum
1970 3723 2304 3800 Ruellio-

234 3833 442 3911 dico.
539 3838 1183 3929 Incrassatus-est
1225 3836 1705 3939 plerumque
1747 3858 1799 3913 'a
1839 3828 2138 3912 'cortice
2172 3837 2293 3911 in-

237 3964 581 4027 crassato
626 3952 746 4026 uti
794 3951 1159 4035 vidimus.
1258 3950 1675 4035 Interdum
1725 3951 2125 4050 globosus,
2168 3975 2293 4048 cy-

214 4061 620 4143 liudricus
673 4079 829 4169 etc„
848 4063 1509 4171 deprehenditur.
