2843 4800
538 294 711 387 460
870 289 875 295 ’
1218 299 1955 390 meo-Locum„¹

566 616 767 704 233.
890 616 1480 733 Migrationes
1563 614 2131 733 plantarum
2207 626 2380 733 aut
2448 642 2624 703 na·-

682 765 915 843 tura
978 767 1149 843 aut
1210 767 1442 845 arte
1485 751 1744 843 fiunt
1805 781 1982 881 seu
2046 753 2460 843 enltura.

760 961 1088 1040 Cultura
1152 989 1217 1040 e
1253 964 1435 1040 loco
1504 962 1589 1038 in
1623 963 1925 1039 locum
1988 974 2617 1064 transportantur

563 1101 734 1152 non
780 1076 1050 1154 solum
1098 1078 1406 1180 plantae
1457 1079 1801 1164 usitatae,
1850 1076 1991 1152 sed
2043 1100 2375 1179 quoque
2428 1076 2617 1152 aliae

563 1191 771 1267 inter
821 1192 1062 1268 cultas
1110 1192 1679 1294 provenientes.

758 1304 1215 1382 Plantamm
1281 1307 1672 1384 cultarum
1735 1305 2058 1382 historia
2120 1304 2393 1403 magni
2445 1329 2619 1380 mo-

563 1420 815 1494 menti
882 1435 995 1497 est
1032 1408 1227 1523 'non
1289 1420 1557 1497 solum
1624 1420 1725 1496 ad
1799 1419 2213 1495 historiam
2282 1419 2612 1494 humani

442 1636 447 1644 Δ
566 1534 908 1632 generiS‚
975 1535 1112 1611 sed
1180 1548 1508 1638 quoque
1560 1536 1660 1612 ad
1709 1533 2120 1610 historiam
2168 1532 2616 1634 plantarum

564 1649 749 1724 rite
765 1636 1462 1747 cognoscendam.
1531 1649 1780 1727 Multa
1829 1650 1979 1724 hac
2025 1649 2111 1722 in
2161 1674 2247 1724 re
2298 1648 2622 1749 praesti-

565 1763 659 1838 tit
704 1764 1255 1840 Beckmannus
1303 1765 1385 1838 in
1442 1789 1682 1864 opere
1734 1762 2198 1839 Geschichte
2252 1762 2325 1838 d.
2365 1760 2624 1839 Erfin-

569 1863 913 1976 dungen.
1016 1881 1156 1979 De
1234 1866 1687 1956 Cerealibus
1750 1891 1825 1953 et
1886 1877 2174 1978 plantis
2221 1868 2618 1952 culinariis

564 1990 883 2069 locutus
932 2016 1112 2069 sum
1162 1994 1243 2068 in
1295 1993 1684 2069 Abhandl.
1737 1990 1810 2067 d.
1855 1995 1948 2067 Κ.
1997 1991 2237 2069 Akad.
2277 1990 2352 2065 d.
2403 1991 2636 2068 Wis··

568 2106 979 2183 senschast.
1044 2134 1106 2183 z.
1178 2106 1461 2182 Berlin.
1539 2110 1731 2181 1816
1797 2120 1874 2182 et
1937 2111 2126 2184 1817
2188 2120 2365 2181 tum
2434 2109 2624 2182 1818

569 2231 648 2296 et
728 2225 939 2296 1819.
1026 2220 1124 2296 de
1208 2220 1626 2296 arboribus
1666 2244 1670 2248 ·
1710 2220 1926 2322 apud
2006 2232 2178 2299 nos*
2232 2220 2467 2296 cultis
2536 2220 2618 2294 in

569 2356 846 2433 opere:
895 2333 1045 2411 Die
1094 2334 1390 2412 Urvvelt
1437 2360 1514 2410 u.
1567 2333 1706 2411 das
1754 2335 2221 2414 Alterthum.
2273 2339 2366 2409 Τ.
2418 2338 2482 2409 1.

582 2481 585 2484 ·
760 2451 853 2523 In
915 2451 1486 2526 Promontorio
1548 2452 1624 2526 b.
1689 2450 1854 2554 spei
1920 2450 2361 2548 Thunberg
2402 2447 2621 2550 plan-

370 2635 371 2638 ,
566 2574 683 2636 tas
730 2560 1109 2638 indicavit
1167 2578 1628 2667 europaea's·‚
1681 2589 2021 2667 quarum
2069 2565 2386 2640 ‘sem-ina
2436 2583 2618 2638 cum

571 2676 1024 2752 Cerealibus
1100 2703 1191 2755 ex
1261 2683 1583 2782 Europa
1659 2679 1880 2757 allata
1953 2687 2174 2767 sunt,
2247 2678 2333 2754 in
2399 2682 2615 2755 Nova

567 2790 992 2869 Hollanclia
1039 2795 1134 2869 R.
1181 2796 1472 2870 Brown
1528 2809 1666 2870 etc.
2029 2876 2040 2882 β

760 2906 1268 3004 Migrationes
1329 2908 1779 3009 plantarum
1850 2906 2240 2985 naturales
2310 2906 2616 2983 difficil-

564 3019 759 3095 lime
808 3015 1401 3119 dignoscuntur.
1497 3028 1652 3100 Per
1679 3022 1984 3098 -ssuvios
2033 3023 2335 3120 semina
2375 3037 2616 3098 trans-

565 3135 864 3236 portari
915 3136 1096 3211 satis
1147 3152 1466 3214 constat.
1563 3143 1714 3214 Per
1750 3137 2006 3248 gnaria
2040 3137 2341 3214 semina
2376 3151 2615 3213 trans-

428 3286 440 3297 ·
564 3248 865 3350 portari
932 3250 1254 3340 scimUS,
1308 3276 1406 3328 an
1467 3278 1654 3328 vero
1705 3277 1850 3354 per
1897 3251 2063 3353 ipsa
2129 3252 2441 3353 plantae
2504 3251 2613 3328 lo-

569 3362 678 3438 cis
729 3361 1000 3439 alienis
1052 3379 1521 3466 propagatae
1569 3365 1825 3454 fuerit,
1859 3363 2613 3443 nondum‘e'victum

569 3491 702 3553 est.
792 3477 1096 3555 Valde
1183 3478 1526 3557 dubium
1609 3493 1737 3556 est
1814 3491 1958 3613 per
2011 3486 2340 3570 aerem,
2426 3504 2614 3567 aves,

568 3591 878 3694 aliaque
960 3593 1334 3669 animalia
1426 3595 1727 3697 plantas
1820 3596 1903 3670 in
1992 3595 2198 3672 alias·
2241 3596 2614 3694 *regiones

566 3706 914 3812 transire.
2146 3741 2154 3748 ·

560 3913 563 3916 ¹
616 3843 619 3844 *
759 3819 1081 3898 Plantae
1153 3838 1366 3910 sunt,
1418 3848 1649 3927 quae
1703 3821 2040 3926 facilius
2093 3849 2240 3926 per
2319 3823 2616 3900 semina

567 3932 905 4032 migrare
954 3933 1293 4038 possunt
1340 3938 1829 4041 quamvaliae
1878 3939 2313 4019 seminibus
2371 3935 2616 4034 majo·

568 4046 791 4125 ribus
843 4062 921 4125 et
966 4053 1460 4149 gravioribus
1512 4054 1866 4133 donatae.
1982 4058 2185 4133 Sunt
2247 4077 2451 4154 quae
2500 4078 2616 4127 ra·
