2843 4800
506 307 665 392 sec
936 407 943 410 ,
1214 308 1967 396 sTvaTURA

564 507 819 608 paries
868 512 1321 614 oppositus
1316 511 1420 600 in
1471 525 1992 614 conspectum
2030 533 2204 592 non
2241 514 2629 618 prodierit

566 636 644 698 et
693 622 996 721 objecta
1043 626 1492 703 turbaverit.
1862 670 1935 746 ε

759 743 1064 819 Omnes
1112 742 1304 818 istae
1352 739 1664 817 formae
1717 745 1806 817 T.
1852 745 1924 816 §-
1974 739 2028 820 f.
2080 747 2194 820 18.
2247 749 2362 822 19.
2416 752 2505 824 Τ.
2521 681 2622 839 l.

561 851 611 927 f.
660 856 777 929 22.
831 870 1190 933 auctores
1242 856 1343 933 ad
1392 881 1572 932 vasa
1623 854 2188 940 scalariformia
2249 859 2623 942 referunt.

558 969 893 1069 Hedwig
941 971 1103 1069 (de
1108 970 1300 1047 fibr.
1350 983 1595 1067 veget.
1648 985 1725 1046 et
1774 995 1895 1046 an.
1948 986 2134 1048 ortu
2181 1001 2255 1075 Ρ
2301 979 2420 1051 25.
2469 953 2622 1110 2⁸63)

558 1108 727 1162 non
794 1081 1132 1162 obscure
1198 1083 1571 1161 describit
1633 1107 1698 1160 e
1727 1086 1954 1162 vasis
1992 1088 2412 1188 spiralibus
2464 1092 2623 1167 ori·
2716 1128 2736 1150 ·

554 1198 775 1277 unda
842 1214 919 1276 et
974 1199 1317 1302 quidem
1371 1198 1994 1288 obstructione
2043 1204 2422 1304 Sprengel
2473 1230 2623 1298 no-

554 1339 742 1390 men
797 1315 1021 1392 dedit
1071 1330 1147 1394 et
1196 1339 1239 1390 e
1289 1313 1711 1415 spiralibus
1764 1315 1954 1418 oriri
2005 1331 2230 1417 putat
2294 1319 2620 1424 (Anleit.

550 1430 697 1506 Ed.
760 1434 824 1506 1.
888 1458 961 1531 Ρ.
1014 1417 1247 1526 104.)
1345 1432 1512 1506 Nec
1561 1428 1831 1504 minus
1873 1430 2295 1534 Rudolphi
2349 1425 2621 1532 (Anat.

549 1572 641 1648 p.
692 1545 1197 1640 187-190.)’.
1309 1542 1467 1622 Cfr.
1532 1543 1870 1620 Grundl.
1932 1572 2007 1646 p.
2072 1551 2190 1623 53.
2298 1552 2365 1625 E
2414 1551 2620 1626 vasis

552 1659 970 1761 spiralibus
1034 1684 1205 1735 non
1271 1684 1440 1735 esse
1502 1674 1768 1736 exorta
1835 1673 1914 1735 et
1959 1661 2186 1737 strias
2231 1666 2621 1744 transver-

551 1799 673 1851 sas
773 1795 941 1850 esse
1037 1774 1614 1876 prominentias
1693 1765 2147 1854 Bernhardi
2248 1776 2621 1855 adfirmat

551 1889 779 1988 (Ueh.
829 1887 1353 1992 Pssanzenffif.
1388 1916 1478 1989 .p.
1528 1890 1644 1963 26.
1678 1889 1866 1984 33),
1945 1890 2171 1968 Vidit
2202 1889 2617 1988 ejusmodi

549 2001 722 2079 vasa
791 2002 1163 2078 devoluta
1196 2023 1201 2028 ·
1232 2002 1326 2098 (l.
1395 2026 1457 2076 c.
1506 2029 1580 2103 p.
1630 2002 1815 2099 25.).
1911 2008 2104 2081 Non
2153 2007 2424 2087 minus
2474 2007 2617 2085 de·-

548 2118 817 2193 voluta
865 2115 1064 2192 vidit
1115 2122 1204 2194 G.
1242 2119 1325 2193 C.
1356 2116 1872 2196 'Treviranus'
1909 2131 1985 2196 et
2033 2120 2258 2195 strias
2307 2122 2612 2222 promi-

545 2232 854 2307 nentias
904 2253 1077 2307 esse·
1118 2230 1461 2331 probare
1497 2229 1776 2314 ¹studet
1824 2234 2120 2327 (Verm.
2173 2233 2486 2344 Schrist.
2548 2242 2665 2312 1.κ
2787 2323 2790 2330 ι

544 2375 631 2450 Ρ.
684 2346 917 2444 152),
992 2348 1111 2423 .L·.
1180 2347 1280 2424 G:
1318 2346 1793 2425 Treviranus
1845 2348 2136 2424 e'vasis
2183 2348 2614 2450 spiralibus·

543 2486 713 2538 non
783 2475 1081 2549 exorta,
1148 2475 1226 2536 et
1280 2462 1505 2537 strias
1565 2463 1806 2538 rimas
1867 2487 2036 2539 esse
2107 2463 2607 2560 marginibus

543 2575 876 2651 tumidis
896 2574 1289 2677 praeditas
1315 2575 1685 2652 adfirmat
1710 2576 1832 2674 (V.
1849 2576 2230 2653 inw.Bau.
2261 2578 2608 2661 Abschn..

541 2693 611 2767 3.
658 2690 812 2787 4.).
910 2691 1232 2767 ‚Mirhel
1295 2717 1474 2768 vasa
1534 2690 1846 2792 spiralia
1911 2693 2178 2794 spuria
2254 2691 2599 2790 (fausses

540 2804 976 2902 trachees)-
1020 2805 1361 2906 appellat
1432 2820 1509 2881 et
1569 2830 1614 2881 e
1678 2805 1875 2881 vasis
1939 2805 2355 2906 spiralibus
2411 2833 2600 2887 nen

545 2933 808 3011 exorta
871 2918 1193 3008 adserit,
1269 2920 1657 3022 striasque
1718 2919 2080 2997 similiter
2136 2919 2380 2995 rimas*
2425 2947 2606 2999 esse

537 3047 765 3135 putat
829 3035 1067 3133 (Hist.
1130 3049 1283 3115 nat.
1353 3040 1418 3110 l.
1484 3063 1566 3136 p.
1608 3037 1724 3109 64.
1772 3037 1887 3108 65.
1951 3035 2138 3131 Exp.
2187 3058 2262 3132 Ρ.
2314 3036 2427 3110 72.
2468 3043 2596 3117 80..

539 3151 702 3225 148.
779 3152 940 3227 190.
992 3153 1179 3226 196.
1256 3173 1471 3249 seqq.
1542 3151 1710 3222 219.
1773 3169 1988 3245 seqq.
2058 3147 2226 3223 223.
2307 3152 2608 3251 seqq.).,

377 3247 382 3253 ⁴
445 3257 449 3260 ’
540 3262 1006 3353 Secundum
1066 3261 1798 3340 Moldenhauerum
1862 3271 2051 3334 sunt
2106 3285 2284 3338 vasa
2337 3265 2606 3366 spira--

534 3373 638 3457 lia
721 3374 946 3451 fibris
1030 3375 1743 3475 longitudinalibus
1825 3372 2208 3475 praedita,
2298 3379 2591 3479 quibus

533 3487 795 3573 forma
844 3489 1261 3591 peculiaris
1312 3486 1851 3569 adscribenda.
1952 3494 2177 3586 Quae
2224 3516 2401 3567 vasa
2437 3493 2604 3592 spi«
2745 3511 2750 3517 ·

532 3602 724 3680 ralia
787 3603 1004 3681 hisce
1068 3604 1293 3683 fibris
1345 3605 1709 3682 destituta
1760 3595 1954 3692 sint,
2005 3628 2456 3705 numquam
2503 3608 2600 3681 in,

533 3743 710 3795 vasa
776 3718 1339 3798 scalariformia
1407 3720 1623 3796 abire
1691 3708 1985 3819 (Beytr.
2034 3748 2110 3821 p.
2157 3723 2322 3796 250.
2372 3719 2587 3817 262.)

530 3834 802 3911 Kieser
849 3859 1025 3912 vasa
1074 3834 1360 3912 haecce
1409 3858 1580 3910 non
1612 3832 2193 3923 scalariformia,
2228 3833 2369 3910 sed
2406 3833 2600 3909 reti·.

530 3942 820 4025 formia
885 3948 1232 4053 appellat
1284 3936 1365 4028 'et
1429 3974 1475 4027 e
1546 3945 2127 4029 ramificatione
2195 3946 2604 4026 fibrarum.

2345 4080 2351 4085 .
2460 4085 2586 4139 ex-
