2843 4800
482 326 632 444 aa²
716 304 717 307 ‘
855 402 864 410 ,
1127 322 1877 403 s'rRth'rURA.

675 527 771 602 In
809 524 1105 627 >petalis
1184 488 1515 625 aliisque
1594 506 2225 602 fructificationis
2279 524 2545 640 ⁴parti·

485 639 638 716 hus
686 664 1018 741 quoque
1068 641 1518 741 occur'runt,
1565 650 1744 716 tum
1790 663 1982 716 vero
2032 638 2359 716 cellulae
2406 666 2546 742 pa-

329 852 337 865 ,
482 755 775 831 rietum
825 779 995 831 non
1046 752 1453 852 angulatae
1501 753 1642 830 sed
1691 751 2069 850 globosae
2116 767 2321 829 sunt.

549 914 554 927 ‚
683 868 1023 946 Cellulas
1112 868 1593 970 compositas
1666 868 1937 945 vocavi
2012 867 2544 967 (Grundlehr.

483 1008 558 1085 p.
634 986 795 1076 19.)
874 996 950 1083 et
1011 982 1303 1081 figuras
1380 982 1670 1058 harum
1732 980 2197 1058 cellularum
2256 968 2422 1058 tam
2497 1008 2547 1060 e

487 1097 789 1199 petiolo
856 1098 1367 1199 Nymphaeae
1432 1095 1690 1173 luteae
1739 1094 1922 1195 (fig.
1987 1097 2150 1190 4⁰.)
2201 1121 2448 1197 quam
2498 1122 2566 1174 e*
2707 1098 2720 1107 “

484 1211 759 1314 petalis
825 1211 1292 1311 Cynoglossi
1367 1209 1684 1286 linifolii
1755 1208 1851 1304 (f.
1916 1212 2030 1309 6.)
2098 1224 2175 1287 et
2224 1212 2544 1314 capsula

484 1326 876 1423 Anagallis
939 1325 1350 1404 coeruleae
1400 1323 1492 1423 (f.
1544 1327 1705 1422 70.)
1731 1358 1732 1361 ¹
1760 1321 1967 1401 dedi.
2068 1326 2547 1404 Treviranus

487 1442 620 1535 (V.
683 1439 1025 1517 inwend.
1087 1445 1258 1516 Bau
1320 1468 1395 1541 p.
1462 1441 1581 1532 4.)
1635 1438 1736 1515 de
1783 1439 1910 1514 his
1958 1439 2348 1542 loquitur,
2398 1441 2549 1518 sed

488 1553 589 1629 ad
640 1554 959 1632 lacunas
1007 1553 1264 1643 refert,
1332 1554 1667 1631 demum
1720 1568 2043 1630 exortaS.
2141 1559 2375 1632 Hunc
2424 1567 2584 1634 se-‘

489 1682 717 1744 cutus
778 1684 894 1745 est
955 1669 1227 1747 Kieser
1291 1671 1642 1768 (Phytot.
1692 1696 1767 1772 p.
1816 1674 1934 1746 88.
1984 1671 2147 1761 89.)
2202 1671 2339 1771 qui
2394 1670 2551 1748 cel-

485 1781 687 1859 lulas
748 1781 1113 1861 aeriferas
1159 1783 1684 1880 (Lustzellen)
1735 1797 1982 1860 vocat.
2037 1785 2549 1884 Sprengelius

487 1895 779 1974 harum
843 1899 1307 1977 cellularum
1359 1898 1661 1975 mentio
1712 1896 1915 1985 facit,
1966 1902 2043 1972 at
2091 1896 2377 1976 ductus
2424 1901 2553 1977 in-

487 2012 1013 2088 tercellulares
1061 2012 1224 2088 huc
1273 2011 1514 2088 refert
1560 2013 1802 2112 longe
1855 2012 2154 2089 alienos
2218 2014 2551 2109 (Auleit.

490 2147 553 2201 z.
600 2131 939 2205 Kenntn'.
986 2126 1130 2205 Ed.
1178 2130 1248 2203 2.
1296 2155 1371 2230 p.
1420 2129 1587 2229 22.)

490 2379 632 2494 57.
696 2366 701 2371 ’
755 2382 1170 2474 Lac-unae
1222 2394 1395 2474 aut
1437 2388 1792 2475 canales
1834 2380 2315 2487 referunt,
2379 2397 2560 2477 aut

585 2517 1039 2640 fistulam.
1090 2519 1260 2615 aut
1319 2518 1741 2616 'cavitates
1802 2507 2423 2640 irregulares,
2469 2519 2472 2524 '
2511 2575 2512 2578 κ
2565 2532 2605 2622 f

685 2699 1007 2773 Nomen
1078 2696 1405 2774 lacunae
1483 2697 1889 2795 (lacunes)
1957 2697 2265 2799 primus
2335 2700 2562 2776 hisce

492 2810 697 2885 cavis
749 2810 971 2887 dedit
1014 2814 1303 2890 Mirbel
1354 2812 1742 2908 (Histoire
1790 2812 2170 2888 naturelle
2205 2811 2279 2886 d.
2312 2813 2560 2914 plant.

496 2925 587 3000 T.
650 2938 755 3026 p..
787 2930 1009 3022 73.).‘
1091 2931 1413 3030 Aptum
1445 2942 1577 3004 est
1632 2927 2002 3012 verbum,
2086 2948 2276 2999 nam
2347 2926 2568 3003 inter

492 3037 812 3116 cellulas
864 3032 1261 3121 excavatae
1312 3055 1705 3145 apparent.
2313 3087 2318 3096 ‚

687 3153 1092 3235 Differunt
1163 3183 1208 3234 a
1282 3155 1582 3234 cellulis
1656 3152 2149 3254 compositiS,
2225 3153 2562 3255 quihus-

495 3291 684 3344 cum
738 3296 779 3346 a
827 3272 1229 3374 plerisque
1279 3268 1736 3345 auctoribus
1787 3265 2416 3357 confunduntur,
2452 3291 2574 3346 e0.

497 3382 726 3483 quod
775 3397 990 3484 septa
1039 3395 1473 3459 transversa
1524 3406 1693 3459 non
1747 3381 2188 3464 ostendant.

691 3496 1022 3573 Canales
1104 3512 1312 3596 recta
1400 3520 1549 3599 per
1629 3497 2158 3599 parenchyma
2243 3496 2562 3575 corticis

433 3616 448 3631 “
498 3624 663 3688 tam
712 3608 974 3700 caulis,
1025 3635 1270 3713 quam
1317 3611 1809 3714 Petiolorum
1844 3603 2355 3700 descendunt,
2386 3620 2576 3686 ma-'

500 3727 637 3825 gni
697 3749 965 3827 saepe,
1041 3727 1147 3804 ita
1204 3737 1306 3803 'ut
1342 3767 1347 3772 ·
1377 3725 1618 3803 nudis
1670 3726 1921 3803 oculis
1969 3725 2196 3803 facile
2246 3723 2566 3824 conspi-

501 3842 827 3918 ciantur.
958 3844 1447 3944 Frequentes
1532 3855 1718 3918 sunt
1800 3840 1888 3917 in
1959 3840 2394 3944 Aquaticis‚
2468 3838 2576 3915 in·

502 3957 727 4034 caule
804 3956 1220 4060 Hipparis,
1314 3956 1702 4058 Equiseti,
1798 3953 2020 4032 caule
2103 3969 2182 4032 et
2241 3952 2565 4063 petiolis

504 4073 808 4174 Trapae
859 4083 996 4150 etc.
1030 4096 1193 4151 nec
1244 4096 1412 4150 non
1460 4063 1548 4147 in
1596 4068 2082 4148 palustribus
2129 4075 2191 4146 e.
2227 4092 2296 4169 g.
2328 4074 2566 4148 Musa
