2843 4800
920 312 1678 393 STRUCTURA.
2235 310 2332 385 87

458 513 526 588 Ε
581 509 954 589 ductibus
1000 509 1413 586 materiam
1450 533 1917 608 grumosam
1949 508 2109 583 vidi
2145 533 2329 609 pro-

271 642 573 703 trusam
639 625 1096 723 (Nachtriig.
1165 648 1227 700 z.
1292 623 1365 699 d.
1444 624 1924 701 Grundlehr.
2004 623 2188 700 Hest
2257 625 2327 701 2.

464 850 976 950 Crystallulos
1025 853 1111 928 in
1162 852 1426 930 radice
1462 854 1964 933 Oenotherae
2013 850 2326 932 biennis

262 969 575 1070 primus
641 965 802 1042 vidi
865 966 1394 1056 (Grundlehr.
1456 997 1529 1069 p.
1579 971 1741 1065 97.)
1790 982 1965 1042 tum
2014 966 2101 1041 in
2148 963 2325 1042 hul-

262 1084 385 1159 bis
450 1080 990 1177 Ornithogali,
1056 1106 1292 1183 scapo
1354 1082 1767 1178 Hyacinthi
1836 1096 1973 1157 etc.
2086 1084 2322 1157 Nunc

263 1223 306 1274 e
406 1195 779 1272 ductibus
866 1193 1576 1272 intercellularibus
1684 1195 1924 1272 caulis
2033 1195 2320 1274 Orchis

257 1309 637 1391 latifoliae
698 1307 1153 1410 frequentes
1217 1310 1453 1387 video
1523 1310 1909 1413 expulsos.
2006 1314 2107 1387 Et
2152 1314 2316 1389 Ru-

260 1424 546 1525 dolphi
617 1422 815 1499 vidit
887 1426 1152 1519 (Anat.
1223 1424 1295 1501 d.
1361 1423 1502 1502 Pfl.
1566 1451 1639 1526 p.
1692 1430 1854 1502 118.
1902 1429 2095 1502 Not..
2133 1426 2314 1517 99.).

254 1543 358 1616 In
397 1563 593 1639 aqua
618 1538 891 1614 saltem
937 1563 1107 1616 non
1129 1536 1356 1614 facile
1389 1539 1826 1627 solvuntur,
1859 1564 2006 1615 nec
2039 1539 2125 1613 in
2158 1538 2314 1638 spi-

254 1653 423 1731 ritu
471 1652 670 1729 Vini.
719 1652 1115 1729 Videntur
1164 1653 1582 1750 crystalluli
1635 1653 1859 1729 calcis
1900 1651 2311 1752 phospho-

250 1768 461 1843 ricae
508 1768 958 1844 secundum
1006 1766 1353 1865 analysin
1401 1767 1796 1844 Buchneri
1864 1769 2311 1861 (Tromms·

253 1879 481 1958 dorfs
556 1887 651 1958 N.
726 1882 990 1957 Jahrb.
1074 1880 1146 1956 d.
1224 1882 1686 1959 Pharmacie
1749 1887 1840 1956 T.
1905 1886 1971 1955 1.
2030 1884 2114 1956 Ρ.
2194 1885 2307 1957 11.

250 2022 328 2096 p.
374 1999 544 2088 250.
605 2000 700 2073 In
751 1996 1049 2072 cellulis
1097 1997 1560 2098 compositis
1594 2018 1924 2099 quoque
1970 1989 2308 2072 inveniri

249 2112 521 2189 Kieser
586 2127 864 2187 auctor
931 2126 1045 2186 est
1110 2112 1459 2208 (Phytot.
1511 2139 1584 2212 p.
1635 2114 1834 2207 53.),
1885 2124 1963 2187 at
2007 2123 2206 2212 puto
2259 2132 2306 2185 e

249 2224 624 2302 ductibus
672 2225 1380 2301 intercellularibus
1434 2223 1751 2302 effusos,

447 2346 795 2417 Succum
865 2339 1265 2443 liquidum
1333 2341 1416 2416 in
1482 2340 1874 2418 meatibus
1926 2352 2002 2415 et
2051 2334 2301 2416 ducti-

243 2457 405 2531 bus
453 2455 1162 2532 intercellularibus
1210 2455 1425 2544 vehi,
1479 2454 1782 2531 dubito.

241 2655 401 2747 56.
536 2658 896 2746 Cellulae
957 2663 1494 2774 compositae
1555 2669 1824 2768 sunt,-
1872 2683 2302 2774 quarum

370 2794 806 2914 parietes
892 2827 946 2888 e
1054 2796 1430 2885 cellulis
1516 2808 2298 2914 componuntur.

364 2936 984 3056 Plerumque
1050 2927 1395 3025 aerem
1461 2935 2010 3025 continent.

441 3130 788 3209 Cellulae
863 3130 1349 3231 compositae
1419 3128 1506 3203 in
1580 3129 1865 3229 plantis
1927 3125 2303 3230 aquaticis

237 3243 925 3344 frequentissimae
989 3259 1213 3332 sunt,
1272 3244 1661 3321 maximae
1725 3267 1894 3321 non
1942 3266 2146 3331 ram,
2193 3241 2298 3318 ita

234 3372 347 3435 ut·
385 3359 926 3456 oculis-nudis
976 3360 1278 3460 optime
1328 3359 1931 3462 conspiciantur,
1982 3383 2045 3434 e.
2095 3380 2163 3458 g.
2212 3356 2298 3434 in

239 3475 713 3575 Sparganio,
778 3474 1271 3575 Nymphaea,
1335 3474 1684 3578 aliisque.
1796 3479 2103 3556 Harum
2162 3499 2296 3578 pa·

234 3588 469 3667 rietes
503 3614 546 3666 e
594 3587 894 3665 cellulis
925 3602 1287 3664 coustant
1324 3590 1792 3690 prismaticis
1832 3590 2148 3676 seriatiS,
2182 3611 2300 3665 se·

233 3703 509 3782 riebus
539 3702 1128 3779 alternantibus.
1217 3702 1699 3806 Plerumque
1725 3729 1899 3798 ‘non
1934 3703 2084 3779 nisi
2121 3705 2302 3780 aere

233 3819 581 3922 repletae
617 3833 823 3907 sunt,
875 3832 970 3905 et,
1024 3819 1087 3893 si
1136 3817 1528 3894 coloratae
1578 3831 1972 3923 apparent,
2021 3838 2304 3896 succus

230 3958 402 4010 non
453 3934 541 4011 in
580 3958 772 4010 cavo
819 3932 1284 4011 cellularum
1318 3956 1809 4034 magnarum,
1842 3929 1980 4008 sed
2033 3930 2118 4008 in
2143 3927 2303 4012 cel·

230 4046 414 4125 lulis
446 4047 911 4126 minoribus
945 4047 1281 4151 parietes
1316 4044 1978 4142 constituentibus
2012 4042 2242 4145 degit.
