<?xml version="1.0" encoding="UTF-8"?>
<!DOCTYPE html PUBLIC "-//W3C//DTD XHTML 1.0 Transitional//EN"
    "http://www.w3.org/TR/xhtml1/DTD/xhtml1-transitional.dtd">
<html xmlns="http://www.w3.org/1999/xhtml" xml:lang="en" lang="en">
 <head>
  <title>
</title>
<meta http-equiv="Content-Type" content="text/html;charset=utf-8" />
  <meta name='ocr-system' content='tesseract 3.04.00' />
  <meta name='ocr-capabilities' content='ocr_page ocr_carea ocr_par ocr_line ocrx_word'/>
</head>
<body>
  <div class='ocr_page' id='page_1' title='image "./elementaphiloso01linkgoog_0464.png"; bbox 0 0 2843 4800; ppageno 0'>
   <div class='ocr_carea' id='block_1_1' title="bbox 530 242 1926 406">
    <p class='ocr_par' dir='ltr' id='par_1_1' title="bbox 530 242 1926 406">
     <span class='ocr_line' id='line_1_1' title="bbox 530 242 1926 406; baseline 0.001 -49"><span class='ocrx_word' id='word_1_1' title='bbox 530 248 686 406; x_wconf 60' lang='grc'><strong>’456-</strong></span> <span class='ocrx_word' id='word_1_2' title='bbox 743 282 751 292; x_wconf 94' lang='grc'><em>·</em></span> <span class='ocrx_word' id='word_1_3' title='bbox 838 242 895 353; x_wconf 67' lang='grc' dir='ltr'>ᾗ</span> <span class='ocrx_word' id='word_1_4' title='bbox 1188 257 1926 385; x_wconf 55' lang='lat' dir='ltr'><strong>G‘EoLoolcm</strong></span> 
     </span>
    </p>
   </div>
   <div class='ocr_carea' id='block_1_2' title="bbox 410 452 2601 697">
    <p class='ocr_par' dir='ltr' id='par_1_2' title="bbox 410 452 2601 697">
     <span class='ocr_line' id='line_1_2' title="bbox 410 452 2597 579; baseline 0.001 -23"><span class='ocrx_word' id='word_1_5' title='bbox 410 522 413 525; x_wconf 96' lang='lat'>·</span> <span class='ocrx_word' id='word_1_6' title='bbox 536 481 874 557; x_wconf 82' lang='lat' dir='ltr'><strong>invicem</strong></span> <span class='ocrx_word' id='word_1_7' title='bbox 935 494 1309 557; x_wconf 83' lang='lat' dir='ltr'><strong>remotae.</strong></span> <span class='ocrx_word' id='word_1_8' title='bbox 1439 480 2143 579; x_wconf 80' lang='lat' dir='ltr'>Distinguendum,</span> <span class='ocrx_word' id='word_1_9' title='bbox 2228 452 2330 557; x_wconf 85' lang='lat' dir='ltr'><strong>an</strong></span> <span class='ocrx_word' id='word_1_10' title='bbox 2387 480 2597 579; x_wconf 82' lang='lat' dir='ltr'><strong>ejus-</strong></span> 
     </span>
     <span class='ocr_line' id='line_1_3' title="bbox 535 593 2601 697; baseline 0.001 -27"><span class='ocrx_word' id='word_1_11' title='bbox 535 594 765 672; x_wconf 89' lang='lat' dir='ltr'><strong>modi</strong></span> <span class='ocrx_word' id='word_1_12' title='bbox 815 596 1154 672; x_wconf 78' lang='lat' dir='ltr'><strong>semotio</strong></span> <span class='ocrx_word' id='word_1_13' title='bbox 1205 595 1615 697; x_wconf 89' lang='lat' dir='ltr'><strong>plagarum</strong></span> <span class='ocrx_word' id='word_1_14' title='bbox 1667 622 1708 672; x_wconf 89' lang='lat' dir='ltr'><strong>a</strong></span> <span class='ocrx_word' id='word_1_15' title='bbox 1758 595 1936 672; x_wconf 86' lang='lat' dir='ltr'><strong>solo</strong></span> <span class='ocrx_word' id='word_1_16' title='bbox 1987 593 2406 684; x_wconf 80' lang='lat' dir='ltr'><strong>efficiatur,</strong></span> <span class='ocrx_word' id='word_1_17' title='bbox 2457 611 2601 672; x_wconf 83' lang='lat' dir='ltr'><strong>aut</strong></span> 
     </span>
    </p>
   </div>
   <div class='ocr_carea' id='block_1_3' title="bbox 404 694 2595 812">
    <p class='ocr_par' dir='ltr' id='par_1_3' title="bbox 404 694 2595 812">
     <span class='ocr_line' id='line_1_4' title="bbox 404 694 2595 812; baseline 0 -27"><span class='ocrx_word' id='word_1_18' title='bbox 404 732 407 737; x_wconf 65' lang='grc'><strong>“</strong></span> <span class='ocrx_word' id='word_1_19' title='bbox 540 694 635 785; x_wconf 72' lang='lat' dir='ltr'><strong>ab</strong></span> <span class='ocrx_word' id='word_1_20' title='bbox 714 710 1145 786; x_wconf 84' lang='lat' dir='ltr'><strong>elevatione</strong></span> <span class='ocrx_word' id='word_1_21' title='bbox 1218 734 1453 812; x_wconf 89' lang='lat' dir='ltr'><strong>supra</strong></span> <span class='ocrx_word' id='word_1_22' title='bbox 1516 734 1772 800; x_wconf 85' lang='lat' dir='ltr'><strong>mare,</strong></span> <span class='ocrx_word' id='word_1_23' title='bbox 1846 734 1950 786; x_wconf 86' lang='lat' dir='ltr'><strong>an</strong></span> <span class='ocrx_word' id='word_1_24' title='bbox 2014 712 2112 786; x_wconf 91' lang='lat' dir='ltr'><strong>ab</strong></span> <span class='ocrx_word' id='word_1_25' title='bbox 2166 710 2310 788; x_wconf 85' lang='lat' dir='ltr'><strong>alia</strong></span> <span class='ocrx_word' id='word_1_26' title='bbox 2361 735 2595 787; x_wconf 90' lang='lat' dir='ltr'><strong>causa</strong></span> 
     </span>
    </p>
   </div>
   <div class='ocr_carea' id='block_1_4' title="bbox 537 824 2592 1152">
    <p class='ocr_par' dir='ltr' id='par_1_4' title="bbox 537 824 2592 1152">
     <span class='ocr_line' id='line_1_5' title="bbox 537 824 1229 899; baseline 0 -1"><span class='ocrx_word' id='word_1_27' title='bbox 537 824 721 899; x_wconf 91' lang='lat' dir='ltr'><strong>inco</strong></span> <span class='ocrx_word' id='word_1_28' title='bbox 778 824 956 898; x_wconf 86' lang='lat' dir='ltr'><strong>nita.</strong></span> <span class='ocrx_word' id='word_1_29' title='bbox 1186 860 1229 875; x_wconf 80' lang='lat'><strong>··</strong></span> 
     </span>
     <span class='ocr_line' id='line_1_6' title="bbox 726 847 2592 1040; baseline 0 -26"><span class='ocrx_word' id='word_1_30' title='bbox 726 847 1352 1040; x_wconf 82' lang='lat' dir='ltr'><strong>gCryptophyta</strong></span> <span class='ocrx_word' id='word_1_31' title='bbox 1326 940 1414 1015; x_wconf 91' lang='lat' dir='ltr'><strong>in</strong></span> <span class='ocrx_word' id='word_1_32' title='bbox 1475 938 2023 1017; x_wconf 83' lang='lat' dir='ltr'><strong>remotissimis</strong></span> <span class='ocrx_word' id='word_1_33' title='bbox 2088 937 2390 1037; x_wconf 89' lang='lat' dir='ltr'><strong>degunt</strong></span> <span class='ocrx_word' id='word_1_34' title='bbox 2435 938 2592 1040; x_wconf 72' lang='lat' dir='ltr'><strong>pla·</strong></span> 
     </span>
     <span class='ocr_line' id='line_1_7' title="bbox 538 1050 2592 1152; baseline 0.001 -25"><span class='ocrx_word' id='word_1_35' title='bbox 538 1051 689 1149; x_wconf 77' lang='lat' dir='ltr'><strong>giS,</strong></span> <span class='ocrx_word' id='word_1_36' title='bbox 762 1050 1135 1151; x_wconf 88' lang='lat' dir='ltr'><strong>Agaricus</strong></span> <span class='ocrx_word' id='word_1_37' title='bbox 1209 1054 1692 1152; x_wconf 87' lang='lat' dir='ltr'><strong>sanguineus</strong></span> <span class='ocrx_word' id='word_1_38' title='bbox 1768 1058 1854 1128; x_wconf 91' lang='lat' dir='ltr'><strong>in</strong></span> <span class='ocrx_word' id='word_1_39' title='bbox 1926 1053 2188 1142; x_wconf 86' lang='lat' dir='ltr'><strong>Asiae,</strong></span> <span class='ocrx_word' id='word_1_40' title='bbox 2268 1052 2592 1142; x_wconf 86' lang='lat' dir='ltr'><strong>Africae,</strong></span> 
     </span>
    </p>
   </div>
   <div class='ocr_carea' id='block_1_5' title="bbox 402 1167 2596 1268">
    <p class='ocr_par' dir='ltr' id='par_1_5' title="bbox 402 1167 2596 1268">
     <span class='ocr_line' id='line_1_8' title="bbox 402 1167 2596 1268; baseline -0 -26"><span class='ocrx_word' id='word_1_41' title='bbox 402 1264 413 1267; x_wconf 35' lang='grc'>-</span> <span class='ocrx_word' id='word_1_42' title='bbox 536 1167 944 1255; x_wconf 83' lang='lat' dir='ltr'><strong>Americae</strong></span> <span class='ocrx_word' id='word_1_43' title='bbox 1005 1167 1275 1245; x_wconf 86' lang='lat' dir='ltr'><strong>calidis</strong></span> <span class='ocrx_word' id='word_1_44' title='bbox 1333 1170 1795 1266; x_wconf 81' lang='lat' dir='ltr'><strong>regionibus</strong></span> <span class='ocrx_word' id='word_1_45' title='bbox 1861 1183 1938 1244; x_wconf 91' lang='lat' dir='ltr'><strong>et</strong></span> <span class='ocrx_word' id='word_1_46' title='bbox 1996 1168 2413 1268; x_wconf 82' lang='lat' dir='ltr'><strong>Hispania,</strong></span> <span class='ocrx_word' id='word_1_47' title='bbox 2476 1170 2596 1243; x_wconf 88' lang='lat' dir='ltr'><strong>Li·-</strong></span> 
     </span>
    </p>
   </div>
   <div class='ocr_carea' id='block_1_6' title="bbox 537 1281 2598 1965">
    <p class='ocr_par' dir='ltr' id='par_1_6' title="bbox 538 1281 2597 1708">
     <span class='ocr_line' id='line_1_9' title="bbox 540 1281 2597 1382; baseline 0 -27"><span class='ocrx_word' id='word_1_48' title='bbox 540 1281 828 1356; x_wconf 91' lang='lat' dir='ltr'><strong>chenes</strong></span> <span class='ocrx_word' id='word_1_49' title='bbox 892 1282 1081 1357; x_wconf 86' lang='lat' dir='ltr'><strong>varii</strong></span> <span class='ocrx_word' id='word_1_50' title='bbox 1143 1283 1228 1356; x_wconf 90' lang='lat' dir='ltr'><strong>in</strong></span> <span class='ocrx_word' id='word_1_51' title='bbox 1291 1282 1625 1359; x_wconf 84' lang='lat' dir='ltr'><strong>Peruvia</strong></span> <span class='ocrx_word' id='word_1_52' title='bbox 1678 1296 1756 1358; x_wconf 91' lang='lat' dir='ltr'><strong>et</strong></span> <span class='ocrx_word' id='word_1_53' title='bbox 1800 1282 2213 1382; x_wconf 85' lang='lat' dir='ltr'><strong>Hispania,</strong></span> <span class='ocrx_word' id='word_1_54' title='bbox 2261 1281 2597 1356; x_wconf 89' lang='lat' dir='ltr'><strong>Penicil·</strong></span> 
     </span>
     <span class='ocr_line' id='line_1_10' title="bbox 538 1391 2597 1492; baseline 0.001 -25"><span class='ocrx_word' id='word_1_55' title='bbox 538 1391 740 1469; x_wconf 89' lang='lat' dir='ltr'><strong>lium</strong></span> <span class='ocrx_word' id='word_1_56' title='bbox 792 1394 1162 1492; x_wconf 84' lang='lat' dir='ltr'><strong>glaucum</strong></span> <span class='ocrx_word' id='word_1_57' title='bbox 1223 1396 1593 1474; x_wconf 87' lang='lat' dir='ltr'><strong>Holmiae</strong></span> <span class='ocrx_word' id='word_1_58' title='bbox 1644 1410 1721 1474; x_wconf 90' lang='lat' dir='ltr'><strong>et</strong></span> <span class='ocrx_word' id='word_1_59' title='bbox 1766 1397 1851 1470; x_wconf 93' lang='lat' dir='ltr'><strong>in</strong></span> <span class='ocrx_word' id='word_1_60' title='bbox 1906 1395 2094 1472; x_wconf 89' lang='lat' dir='ltr'><strong>Oasi</strong></span> <span class='ocrx_word' id='word_1_61' title='bbox 2142 1395 2354 1471; x_wconf 90' lang='lat' dir='ltr'><strong>Iovis</strong></span> <span class='ocrx_word' id='word_1_62' title='bbox 2416 1399 2597 1472; x_wconf 85' lang='lat' dir='ltr'><strong>Am·</strong></span> 
     </span>
     <span class='ocr_line' id='line_1_11' title="bbox 538 1507 2592 1617; baseline 0.001 -35"><span class='ocrx_word' id='word_1_63' title='bbox 538 1508 826 1583; x_wconf 78' lang='lat' dir='ltr'><strong>monis,</strong></span> <span class='ocrx_word' id='word_1_64' title='bbox 954 1513 1080 1617; x_wconf 77' lang='lat' dir='ltr'><strong>An</strong></span> <span class='ocrx_word' id='word_1_65' title='bbox 1155 1537 1320 1612; x_wconf 87' lang='lat' dir='ltr'><strong>quo</strong></span> <span class='ocrx_word' id='word_1_66' title='bbox 1395 1510 1646 1608; x_wconf 91' lang='lat' dir='ltr'><strong>magis</strong></span> <span class='ocrx_word' id='word_1_67' title='bbox 1718 1507 2106 1615; x_wconf 84' lang='lat' dir='ltr'><strong>perfectae</strong></span> <span class='ocrx_word' id='word_1_68' title='bbox 2182 1534 2278 1586; x_wconf 91' lang='lat' dir='ltr'><strong>eo</strong></span> <span class='ocrx_word' id='word_1_69' title='bbox 2348 1509 2592 1607; x_wconf 90' lang='lat' dir='ltr'><strong>magis</strong></span> 
     </span>
     <span class='ocr_line' id='line_1_12' title="bbox 543 1625 2018 1708; baseline 0.001 -10"><span class='ocrx_word' id='word_1_70' title='bbox 543 1634 798 1699; x_wconf 80' lang='lat' dir='ltr'><strong>arctos</strong></span> <span class='ocrx_word' id='word_1_71' title='bbox 850 1634 1131 1708; x_wconf 66' lang='lat' dir='ltr'><strong>amant,</strong></span> <span class='ocrx_word' id='word_1_72' title='bbox 1162 1625 1500 1702; x_wconf 82' lang='lat' dir='ltr'><strong>limites?</strong></span> <span class='ocrx_word' id='word_1_73' title='bbox 1635 1637 1640 1643; x_wconf 85' lang='lat'>&#39;</span> <span class='ocrx_word' id='word_1_74' title='bbox 2017 1660 2018 1665; x_wconf 41' lang='lat'>¹</span> 
     </span>
    </p>

    <p class='ocr_par' dir='ltr' id='par_1_7' title="bbox 537 1733 2598 1956">
     <span class='ocr_line' id='line_1_13' title="bbox 556 1733 2598 1872; baseline -0 -59"><span class='ocrx_word' id='word_1_75' title='bbox 556 1748 561 1755; x_wconf 83' lang='grc'><strong><em>’</em></strong></span> <span class='ocrx_word' id='word_1_76' title='bbox 730 1737 1275 1817; x_wconf 83' lang='lat' dir='ltr'><strong>Indicandum</strong></span> <span class='ocrx_word' id='word_1_77' title='bbox 1333 1762 1474 1816; x_wconf 83' lang='lat' dir='ltr'><strong>an</strong></span> <span class='ocrx_word' id='word_1_78' title='bbox 1493 1739 1805 1872; x_wconf 78' lang='lat' dir='ltr'><strong>plantae</strong></span> <span class='ocrx_word' id='word_1_79' title='bbox 1872 1733 2232 1835; x_wconf 80' lang='lat' dir='ltr'><strong>ejusdem</strong></span> <span class='ocrx_word' id='word_1_80' title='bbox 2313 1738 2598 1839; x_wconf 90' lang='lat' dir='ltr'><strong>speciei</strong></span> 
     </span>
     <span class='ocr_line' id='line_1_14' title="bbox 537 1851 2598 1965; baseline 0.001 -39"><span class='ocrx_word' id='word_1_81' title='bbox 537 1851 624 1926; x_wconf 91' lang='lat' dir='ltr'><strong>in</strong></span> <span class='ocrx_word' id='word_1_82' title='bbox 673 1852 897 1953; x_wconf 85' lang='lat' dir='ltr'><strong>plaga</strong></span> <span class='ocrx_word' id='word_1_83' title='bbox 951 1854 1298 1954; x_wconf 89' lang='lat' dir='ltr'><strong>quadam</strong></span> <span class='ocrx_word' id='word_1_84' title='bbox 1350 1856 1673 1956; x_wconf 90' lang='lat' dir='ltr'><strong>copiose</strong></span> <span class='ocrx_word' id='word_1_85' title='bbox 1719 1852 2209 1965; x_wconf 83' lang='lat' dir='ltr'><strong>proveniant,</strong></span> <span class='ocrx_word' id='word_1_86' title='bbox 2246 1876 2344 1926; x_wconf 88' lang='lat' dir='ltr'><strong>an</strong></span> <span class='ocrx_word' id='word_1_87' title='bbox 2390 1878 2598 1953; x_wconf 86' lang='lat' dir='ltr'><strong>spar-</strong></span> 
     </span>
    </p>
   </div>
   <div class='ocr_carea' id='block_1_7' title="bbox 302 1965 2599 2105">
    <p class='ocr_par' dir='ltr' id='par_1_8' title="bbox 302 1965 2599 2105">
     <span class='ocr_line' id='line_1_15' title="bbox 302 1965 2599 2105; baseline -0.001 -63"><span class='ocrx_word' id='word_1_88' title='bbox 302 1992 307 1997; x_wconf 79' lang='grc'><em>’</em></span> <span class='ocrx_word' id='word_1_89' title='bbox 424 2026 427 2029; x_wconf 87' lang='grc'>-</span> <span class='ocrx_word' id='word_1_90' title='bbox 542 1968 698 2042; x_wconf 81' lang='lat' dir='ltr'><strong>sim</strong></span> <span class='ocrx_word' id='word_1_91' title='bbox 749 1992 892 2044; x_wconf 88' lang='lat' dir='ltr'><strong>seu</strong></span> <span class='ocrx_word' id='word_1_92' title='bbox 951 1969 1244 2105; x_wconf 83' lang='lat' dir='ltr'><strong>passim</strong></span> <span class='ocrx_word' id='word_1_93' title='bbox 1288 1969 1428 2044; x_wconf 87' lang='lat' dir='ltr'><strong>uti</strong></span> <span class='ocrx_word' id='word_1_94' title='bbox 1492 1968 1743 2077; x_wconf 79' lang='lat' dir='ltr'><strong>ajunt,</strong></span> <span class='ocrx_word' id='word_1_95' title='bbox 1808 1992 1908 2041; x_wconf 87' lang='lat' dir='ltr'><strong>an</strong></span> <span class='ocrx_word' id='word_1_96' title='bbox 1973 1965 2365 2064; x_wconf 82' lang='lat' dir='ltr'><strong>gregariae</strong></span> <span class='ocrx_word' id='word_1_97' title='bbox 2431 1967 2599 2054; x_wconf 88' lang='lat' dir='ltr'><strong>sint,</strong></span> 
     </span>
    </p>
   </div>
   <div class='ocr_carea' id='block_1_8' title="bbox 540 2081 2602 2291">
    <p class='ocr_par' dir='ltr' id='par_1_9' title="bbox 540 2081 2602 2291">
     <span class='ocr_line' id='line_1_16' title="bbox 542 2081 2602 2183; baseline -0 -27"><span class='ocrx_word' id='word_1_98' title='bbox 542 2106 643 2156; x_wconf 88' lang='lat' dir='ltr'><strong>an</strong></span> <span class='ocrx_word' id='word_1_99' title='bbox 712 2081 1179 2158; x_wconf 85' lang='lat' dir='ltr'><strong>solitariae.</strong></span> <span class='ocrx_word' id='word_1_100' title='bbox 1234 2082 1555 2158; x_wconf 74' lang='lat' dir='ltr'><strong>Plantae</strong></span> <span class='ocrx_word' id='word_1_101' title='bbox 1622 2082 2002 2181; x_wconf 88' lang='lat' dir='ltr'><strong>copiosae</strong></span> <span class='ocrx_word' id='word_1_102' title='bbox 2055 2101 2222 2156; x_wconf 92' lang='lat' dir='ltr'><strong>non</strong></span> <span class='ocrx_word' id='word_1_103' title='bbox 2286 2105 2602 2183; x_wconf 85' lang='lat' dir='ltr'><strong>semper</strong></span> 
     </span>
     <span class='ocr_line' id='line_1_17' title="bbox 540 2195 2596 2291; baseline 0.001 -23"><span class='ocrx_word' id='word_1_104' title='bbox 540 2196 935 2291; x_wconf 84' lang='lat' dir='ltr'><strong>gregariae</strong></span> <span class='ocrx_word' id='word_1_105' title='bbox 984 2208 1197 2270; x_wconf 87' lang='lat' dir='ltr'><strong>sunt.</strong></span> <span class='ocrx_word' id='word_1_106' title='bbox 1309 2199 1500 2271; x_wconf 87' lang='lat' dir='ltr'><strong>Non</strong></span> <span class='ocrx_word' id='word_1_107' title='bbox 1550 2195 1816 2270; x_wconf 89' lang='lat' dir='ltr'><strong>solum</strong></span> <span class='ocrx_word' id='word_1_108' title='bbox 1870 2220 1913 2270; x_wconf 94' lang='lat' dir='ltr'><strong>e</strong></span> <span class='ocrx_word' id='word_1_109' title='bbox 1965 2195 2214 2270; x_wconf 81' lang='lat' dir='ltr'><strong>&#39;causis</strong></span> <span class='ocrx_word' id='word_1_110' title='bbox 2266 2196 2596 2270; x_wconf 83' lang='lat' dir='ltr'><strong>externis</strong></span> 
     </span>
    </p>
   </div>
   <div class='ocr_carea' id='block_1_9' title="bbox 408 2306 2597 2410">
    <p class='ocr_par' dir='ltr' id='par_1_10' title="bbox 408 2306 2597 2410">
     <span class='ocr_line' id='line_1_18' title="bbox 408 2306 2597 2410; baseline 0.001 -28"><span class='ocrx_word' id='word_1_111' title='bbox 408 2388 421 2402; x_wconf 39' lang='lat'><strong><em>„</em></strong></span> <span class='ocrx_word' id='word_1_112' title='bbox 539 2306 859 2410; x_wconf 88' lang='lat' dir='ltr'><strong>pendet,</strong></span> <span class='ocrx_word' id='word_1_113' title='bbox 909 2331 1009 2383; x_wconf 91' lang='lat' dir='ltr'><strong>an</strong></span> <span class='ocrx_word' id='word_1_114' title='bbox 1059 2308 1367 2410; x_wconf 86' lang='lat' dir='ltr'><strong>plantae</strong></span> <span class='ocrx_word' id='word_1_115' title='bbox 1418 2308 2038 2408; x_wconf 81' lang='lat' dir='ltr'><strong>gregariae-sint,</strong></span> <span class='ocrx_word' id='word_1_116' title='bbox 2089 2334 2235 2384; x_wconf 90' lang='lat' dir='ltr'><strong>nec</strong></span> <span class='ocrx_word' id='word_1_117' title='bbox 2286 2330 2405 2397; x_wconf 92' lang='lat' dir='ltr'><strong>ne,</strong></span> <span class='ocrx_word' id='word_1_118' title='bbox 2460 2309 2597 2384; x_wconf 87' lang='lat' dir='ltr'><strong>sed</strong></span> 
     </span>
    </p>
   </div>
   <div class='ocr_carea' id='block_1_10' title="bbox 538 2423 2593 2784">
    <p class='ocr_par' dir='ltr' id='par_1_11' title="bbox 538 2423 2593 2754">
     <span class='ocr_line' id='line_1_19' title="bbox 543 2423 2593 2527; baseline 0.001 -30"><span class='ocrx_word' id='word_1_119' title='bbox 543 2441 588 2497; x_wconf 87' lang='lat' dir='ltr'><strong>e</strong></span> <span class='ocrx_word' id='word_1_120' title='bbox 635 2435 912 2497; x_wconf 85' lang='lat' dir='ltr'><strong>natura</strong></span> <span class='ocrx_word' id='word_1_121' title='bbox 959 2423 1304 2523; x_wconf 81' lang='lat' dir='ltr'><strong>plantae,</strong></span> <span class='ocrx_word' id='word_1_122' title='bbox 1357 2449 1564 2527; x_wconf 86' lang='lat' dir='ltr'><strong>quae</strong></span> <span class='ocrx_word' id='word_1_123' title='bbox 1616 2423 1864 2503; x_wconf 91' lang='lat' dir='ltr'><strong>dense·</strong></span> <span class='ocrx_word' id='word_1_124' title='bbox 1926 2424 2233 2512; x_wconf 86' lang='lat' dir='ltr'><strong>crescit,</strong></span> <span class='ocrx_word' id='word_1_125' title='bbox 2301 2424 2593 2500; x_wconf 88' lang='lat' dir='ltr'><strong>solum·-</strong></span> 
     </span>
     <span class='ocr_line' id='line_1_20' title="bbox 538 2536 1095 2638; baseline 0.002 -25"><span class='ocrx_word' id='word_1_126' title='bbox 538 2560 702 2638; x_wconf 88' lang='lat' dir='ltr'><strong>que</strong></span> <span class='ocrx_word' id='word_1_127' title='bbox 753 2536 1095 2614; x_wconf 84' lang='lat' dir='ltr'><strong>exsiccat.</strong></span> 
     </span>
     <span class='ocr_line' id='line_1_21' title="bbox 740 2650 2591 2784; baseline 0.003 -57"><span class='ocrx_word' id='word_1_128' title='bbox 740 2650 1101 2746; x_wconf 76' lang='lat' dir='ltr'><strong>Quidam,</strong></span> <span class='ocrx_word' id='word_1_129' title='bbox 1143 2652 1465 2766; x_wconf 80' lang='lat' dir='ltr'><strong>ordines</strong></span> <span class='ocrx_word' id='word_1_130' title='bbox 1512 2653 1598 2729; x_wconf 90' lang='lat' dir='ltr'><strong>in</strong></span> <span class='ocrx_word' id='word_1_131' title='bbox 1635 2650 2121 2784; x_wconf 83' lang='lat' dir='ltr'><strong>quibusdam</strong></span> <span class='ocrx_word' id='word_1_132' title='bbox 2153 2653 2403 2753; x_wconf 85' lang='lat' dir='ltr'><strong>plagis</strong></span> <span class='ocrx_word' id='word_1_133' title='bbox 2432 2678 2591 2732; x_wconf 85' lang='lat' dir='ltr'><strong>ma·</strong></span> 
     </span>
    </p>
   </div>
   <div class='ocr_carea' id='block_1_11' title="bbox 402 2764 2595 2884">
    <p class='ocr_par' dir='ltr' id='par_1_12' title="bbox 402 2764 2595 2884">
     <span class='ocr_line' id='line_1_22' title="bbox 402 2764 2595 2884; baseline 0 -42"><span class='ocrx_word' id='word_1_134' title='bbox 402 2769 407 2776; x_wconf 72' lang='grc'><strong>“</strong></span> <span class='ocrx_word' id='word_1_135' title='bbox 542 2764 850 2843; x_wconf 84' lang='lat' dir='ltr'><strong>ximum</strong></span> <span class='ocrx_word' id='word_1_136' title='bbox 911 2766 1221 2869; x_wconf 80' lang='lat' dir='ltr'><strong>habent</strong></span> <span class='ocrx_word' id='word_1_137' title='bbox 1266 2781 1782 2884; x_wconf 81' lang='lat' dir='ltr'><strong>proventum,</strong></span> <span class='ocrx_word' id='word_1_138' title='bbox 1844 2768 1933 2842; x_wconf 89' lang='lat' dir='ltr'><strong>in</strong></span> <span class='ocrx_word' id='word_1_139' title='bbox 1985 2767 2154 2842; x_wconf 91' lang='lat' dir='ltr'><strong>aliis</strong></span> <span class='ocrx_word' id='word_1_140' title='bbox 2210 2766 2595 2870; x_wconf 90' lang='lat' dir='ltr'><strong>deliques-</strong></span> 
     </span>
    </p>
   </div>
   <div class='ocr_carea' id='block_1_12' title="bbox 448 2878 2598 3694">
    <p class='ocr_par' dir='ltr' id='par_1_13' title="bbox 448 2878 2598 3669">
     <span class='ocr_line' id='line_1_23' title="bbox 448 2878 2595 2981; baseline 0 -27"><span class='ocrx_word' id='word_1_141' title='bbox 448 2947 459 2964; x_wconf 66' lang='lat'><em>„</em></span> <span class='ocrx_word' id='word_1_142' title='bbox 544 2894 764 2968; x_wconf 91' lang='lat' dir='ltr'><strong>cunt,</strong></span> <span class='ocrx_word' id='word_1_143' title='bbox 813 2880 899 2955; x_wconf 91' lang='lat' dir='ltr'><strong>in</strong></span> <span class='ocrx_word' id='word_1_144' title='bbox 953 2880 1120 2956; x_wconf 89' lang='lat' dir='ltr'><strong>aliis</strong></span> <span class='ocrx_word' id='word_1_145' title='bbox 1169 2879 1839 2981; x_wconf 87' lang='lat' dir='ltr'><strong>repraesentantes</strong></span> <span class='ocrx_word' id='word_1_146' title='bbox 1887 2882 2001 2956; x_wconf 90' lang='lat' dir='ltr'><strong>uti</strong></span> <span class='ocrx_word' id='word_1_147' title='bbox 2057 2878 2292 2978; x_wconf 79' lang='lat' dir='ltr'><strong>ajunt,</strong></span> <span class='ocrx_word' id='word_1_148' title='bbox 2339 2897 2595 2970; x_wconf 88' lang='lat' dir='ltr'><strong>osten-</strong></span> 
     </span>
     <span class='ocr_line' id='line_1_24' title="bbox 508 2991 2598 3098; baseline -0.001 -28"><span class='ocrx_word' id='word_1_149' title='bbox 508 2993 752 3077; x_wconf 81' lang='lat' dir='ltr'><strong>&#39;dunt</strong></span> <span class='ocrx_word' id='word_1_150' title='bbox 814 3008 892 3071; x_wconf 90' lang='lat' dir='ltr'><strong>et</strong></span> <span class='ocrx_word' id='word_1_151' title='bbox 952 2994 1427 3071; x_wconf 88' lang='lat' dir='ltr'><strong>substitutas.</strong></span> <span class='ocrx_word' id='word_1_152' title='bbox 1540 2996 1812 3086; x_wconf 90' lang='lat' dir='ltr'><strong>Ericae</strong></span> <span class='ocrx_word' id='word_1_153' title='bbox 1876 3007 2244 3098; x_wconf 82' lang='lat' dir='ltr'><strong>capenses</strong></span> <span class='ocrx_word' id='word_1_154' title='bbox 2304 2991 2598 3071; x_wconf 86' lang='lat' dir='ltr'><strong>habent</strong></span> 
     </span>
     <span class='ocr_line' id='line_1_25' title="bbox 543 3108 2592 3211; baseline -0.001 -27"><span class='ocrx_word' id='word_1_155' title='bbox 543 3113 1209 3210; x_wconf 81' lang='lat' dir='ltr'><strong>repraesentantes</strong></span> <span class='ocrx_word' id='word_1_156' title='bbox 1240 3109 1342 3184; x_wconf 89' lang='lat' dir='ltr'><strong>in</strong></span> <span class='ocrx_word' id='word_1_157' title='bbox 1388 3112 1717 3211; x_wconf 88' lang='lat' dir='ltr'><strong>Europa</strong></span> <span class='ocrx_word' id='word_1_158' title='bbox 1762 3111 2226 3211; x_wconf 86' lang='lat' dir='ltr'><strong>praesertim</strong></span> <span class='ocrx_word' id='word_1_159' title='bbox 2286 3108 2592 3186; x_wconf 84' lang='lat' dir='ltr'><strong>australi</strong></span> 
     </span>
     <span class='ocr_line' id='line_1_26' title="bbox 549 3222 2595 3350; baseline -0.001 -50"><span class='ocrx_word' id='word_1_160' title='bbox 549 3239 628 3304; x_wconf 90' lang='lat' dir='ltr'><strong>et</strong></span> <span class='ocrx_word' id='word_1_161' title='bbox 687 3228 1158 3312; x_wconf 82' lang='lat' dir='ltr'><strong>Proteaceae</strong></span> <span class='ocrx_word' id='word_1_162' title='bbox 1224 3222 1595 3346; x_wconf 80' lang='lat' dir='ltr'><strong>australes</strong></span> <span class='ocrx_word' id='word_1_163' title='bbox 1669 3225 2124 3350; x_wconf 77' lang='lat' dir='ltr'><strong>substitutas</strong></span> <span class='ocrx_word' id='word_1_164' title='bbox 2191 3222 2595 3314; x_wconf 82' lang='lat' dir='ltr'><strong>Coniferas</strong></span> 
     </span>
     <span class='ocr_line' id='line_1_27' title="bbox 544 3337 1660 3414; baseline 0 0"><span class='ocrx_word' id='word_1_165' title='bbox 544 3337 924 3414; x_wconf 83' lang='lat' dir='ltr'><strong>boreales.</strong></span> <span class='ocrx_word' id='word_1_166' title='bbox 1294 3352 1339 3368; x_wconf 51' lang='lat'><strong>⁸*</strong></span> <span class='ocrx_word' id='word_1_167' title='bbox 1565 3369 1568 3372; x_wconf 44' lang='lat'><strong><em>¹</em></strong></span> <span class='ocrx_word' id='word_1_168' title='bbox 1626 3363 1660 3370; x_wconf 90' lang='grc'><strong>··</strong></span> 
     </span>
     <span class='ocr_line' id='line_1_28' title="bbox 741 3454 2596 3572; baseline 0.001 -44"><span class='ocrx_word' id='word_1_169' title='bbox 741 3456 1207 3572; x_wconf 85' lang='lat' dir='ltr'><strong>Accuratam</strong></span> <span class='ocrx_word' id='word_1_170' title='bbox 1259 3454 1902 3533; x_wconf 84' lang='lat' dir='ltr'><strong>distributionem</strong></span> <span class='ocrx_word' id='word_1_171' title='bbox 1968 3455 2359 3531; x_wconf 86' lang='lat' dir='ltr'><strong>variarum</strong></span> <span class='ocrx_word' id='word_1_172' title='bbox 2432 3474 2596 3553; x_wconf 88' lang='lat' dir='ltr'><strong>spe-</strong></span> 
     </span>
     <span class='ocr_line' id='line_1_29' title="bbox 546 3543 2521 3694; baseline 0 -53"><span class='ocrx_word' id='word_1_173' title='bbox 546 3543 883 3653; x_wconf 85' lang='lat' dir='ltr'><strong>cierum,</strong></span> <span class='ocrx_word' id='word_1_174' title='bbox 911 3557 1319 3694; x_wconf 83' lang='lat' dir='ltr'><strong>generum,</strong></span> <span class='ocrx_word' id='word_1_175' title='bbox 1346 3567 1739 3680; x_wconf 86' lang='lat' dir='ltr'><strong>ordinum</strong></span> <span class='ocrx_word' id='word_1_176' title='bbox 1758 3569 2127 3669; x_wconf 86' lang='lat' dir='ltr'><strong>exposuit</strong></span> <span class='ocrx_word' id='word_1_177' title='bbox 2160 3569 2521 3646; x_wconf 88' lang='lat' dir='ltr'><strong>Schouw.</strong></span> 
     </span>
    </p>
   </div>
   <div class='ocr_carea' id='block_1_13' title="bbox 542 3700 2593 4212">
    <p class='ocr_par' dir='ltr' id='par_1_14' title="bbox 542 3700 2593 4132">
     <span class='ocr_line' id='line_1_30' title="bbox 542 3700 2592 3853; baseline -0.001 -34.99"><span class='ocrx_word' id='word_1_178' title='bbox 542 3700 785 3832; x_wconf 76' lang='lat'><strong>230.</strong></span> <span class='ocrx_word' id='word_1_179' title='bbox 820 3733 1276 3824; x_wconf 69' lang='grc' dir='ltr'><strong>δίαίἰεϊίεα</strong></span> <span class='ocrx_word' id='word_1_180' title='bbox 1297 3738 1812 3852; x_wconf 65' lang='lat' dir='ltr'><strong>plantarum</strong></span> <span class='ocrx_word' id='word_1_181' title='bbox 1847 3733 2257 3853; x_wconf 81' lang='lat' dir='ltr'><strong>exponit</strong></span> <span class='ocrx_word' id='word_1_182' title='bbox 2288 3727 2592 3826; x_wconf 82' lang='lat' dir='ltr'><strong>distri-</strong></span> 
     </span>
     <span class='ocr_line' id='line_1_31' title="bbox 566 3834 2593 3989; baseline 0 -33"><span class='ocrx_word' id='word_1_183' title='bbox 566 3895 579 3904; x_wconf 57' lang='lat'><strong>·&#39;</strong></span> <span class='ocrx_word' id='word_1_184' title='bbox 668 3834 1205 3975; x_wconf 81' lang='lat' dir='ltr'><strong>butionem</strong></span> <span class='ocrx_word' id='word_1_185' title='bbox 1223 3880 1231 3918; x_wconf 77' lang='lat'><em>³</em></span> <span class='ocrx_word' id='word_1_186' title='bbox 1251 3873 1836 3989; x_wconf 80' lang='lat' dir='ltr'><strong>plantarum·</strong></span> <span class='ocrx_word' id='word_1_187' title='bbox 1862 3871 2422 3963; x_wconf 88' lang='lat' dir='ltr'><strong>secundum</strong></span> <span class='ocrx_word' id='word_1_188' title='bbox 2450 3896 2593 3957; x_wconf 86' lang='lat' dir='ltr'><strong>re·</strong></span> 
     </span>
     <span class='ocr_line' id='line_1_32' title="bbox 549 4006 2542 4132; baseline 0.001 -37"><span class='ocrx_word' id='word_1_189' title='bbox 549 4006 556 4016; x_wconf 83' lang='grc'><strong><em>’</em></strong></span> <span class='ocrx_word' id='word_1_190' title='bbox 612 4029 615 4048; x_wconf 74' lang='lat'><em>³</em></span> <span class='ocrx_word' id='word_1_191' title='bbox 671 4007 1236 4119; x_wconf 77' lang='lat' dir='ltr'><strong>glones&#39;se&#39;u</strong></span> <span class='ocrx_word' id='word_1_192' title='bbox 1274 4012 1612 4129; x_wconf 72' lang='lat' dir='ltr'><strong>&#39;plagas&#39;</strong></span> <span class='ocrx_word' id='word_1_193' title='bbox 1651 4014 2042 4132; x_wconf 84' lang='lat' dir='ltr'><strong>plantas</strong></span> <span class='ocrx_word' id='word_1_194' title='bbox 2084 4012 2542 4102; x_wconf 52' lang='lat' dir='ltr'><strong>serentes,</strong></span> 
     </span>
    </p>

    <p class='ocr_par' dir='ltr' id='par_1_15' title="bbox 1108 4157 2046 4212">
     <span class='ocr_line' id='line_1_33' title="bbox 1108 4157 2046 4212; baseline -0.002 2"><span class='ocrx_word' id='word_1_195' title='bbox 1108 4171 1109 4174; x_wconf 15' lang='grc' dir='ltr'>ι</span> <span class='ocrx_word' id='word_1_196' title='bbox 2027 4157 2046 4212; x_wconf 76' lang='grc' dir='ltr'><strong>ι</strong></span> 
     </span>
    </p>
   </div>
   <div class='ocr_carea' id='block_1_14' title="bbox 2758 604 2761 1373">
    <p class='ocr_par' dir='ltr' id='par_1_16' title="bbox 2758 604 2761 1373">
     <span class='ocr_line' id='line_1_34' title="bbox 2758 604 2761 1373; baseline 0 0"><span class='ocrx_word' id='word_1_197' title='bbox 2758 604 2761 1373; x_wconf 95' lang='lat' dir='ltr'><strong> </strong></span> 
     </span>
    </p>
   </div>
   <div class='ocr_carea' id='block_1_15' title="bbox 2758 2860 2762 3376">
    <p class='ocr_par' dir='ltr' id='par_1_17' title="bbox 2758 2860 2762 3376">
     <span class='ocr_line' id='line_1_35' title="bbox 2758 2860 2762 3376; baseline 0 0"><span class='ocrx_word' id='word_1_198' title='bbox 2758 2860 2762 3376; x_wconf 95' lang='lat' dir='ltr'><strong> </strong></span> 
     </span>
    </p>
   </div>
  </div>
 </body>
</html>
