2843 4800
2135 256 2172 287 t.

1162 313 1224 385 F
1241 314 1303 385 L
1323 310 1394 389 O
1416 312 1498 397 S,
2200 315 2349 390 279

291 515 537 592 Fctum
586 524 724 586 aut
774 523 890 585 est
938 523 1219 610 aperta,
1272 521 1408 584 aut
1453 509 1984 608 prominentia
2032 534 2175 587 seu
2203 542 2343 614 pa-

285 631 446 707 lato
524 625 803 701 clausa.
928 627 1108 701 Cor.
1182 622 1464 698 labiata
1540 637 1654 699 est
1740 625 2343 725 anamorphosis

285 767 447 817 cor.
552 737 1252 840 quinquepartitae.
1407 737 1963 841 Resupinatam
2057 751 2346 814 vocant

288 854 675 930 corollam
740 851 1142 934 labiatam‚
1205 850 1268 925 si
1337 850 1549 947 galea
1612 849 1868 949 major
1933 865 2009 943 et
2067 853 2343 953 tripar-

285 969 423 1044 tita
485 967 625 1054 sit,
706 966 1041 1059 labium=
1075 965 1344 1039 minus
1429 979 1507 1039 et
1575 966 2069 1065 bipartitum,
2155 992 2340 1042 cum

284 1082 765 1184 plerumque
878 1079 1174 1155 corolla
1286 1080 1681 1153 contrario
1795 1083 2049 1158 modo
2174 1106 2343 1161 sese

284 1196 589 1272 habeat.
683 1199 778 1270 In
828 1192 1252 1293 unilabjata
1305 1193 1640 1268 alterum
1676 1192 1978 1267 labium
2016 1193 2300 1271 deficit.

483 1309 804 1385 Corolla
852 1306 1292 1408 polypetala
1343 1332 1384 1382 e
1433 1306 1704 1407 petalis
1751 1322 2082 1406 constat,
2138 1334 2341 1410 quae

286 1449 520 1525 saepe
582 1423 667 1496 in
729 1422 956 1497 basin
1018 1423 1554 1520 angustiorem
1621 1436 1903 1496 exeunt
1976 1447 2337 1521 unguem

286 1549 646 1612 vocatam
715 1562 755 1611 a
815 1535 1118 1636 reliqua
1178 1548 1396 1635 parte
1461 1533 1739 1610 latiore
1814 1560 1957 1610 seu
2042 1536 2335 1612 lamina

290 1648 960 1747 distinguendum.
1094 1651 1273 1725 Cor.
1349 1677 1656 1724 rosacea
1727 1648 1966 1724 habet
2028 1675 2337 1749 ungues

285 1764 556 1840 nullos
631 1778 764 1839 aut
822 1762 1235 1851 minirum,
1322 1788 1477 1838 cor.
1536 1765 1830 1839 lilckzcea
1891 1764 2127 1861 habet
2184 1791 2336 1841 un-

281 1903 477 1978 gues
538 1903 807 1953 versus
869 1879 1093 1953 basin
1160 1878 1456 1953 sensim
1508 1892 1976 1965 attenuato&
2055 1894 2133 1955 et
2180 1881 2330 1955 sibi

283 1995 718 2094 appositos3
786 2017 943 2067 cor.
1008 1993 1622 2095 caryophyllacea
1701 1993 1938 2068 habet
2022 2017 2333 2092 ungues

283 2107 690 2205 elongatos
756 2120 1127 2203 angustos
1198 2107 1586 2193 distanteS,
1661 2108 2045 2183 alsinacea
2091 2107 2332 2183 habet

277 2245 589 2320 ungues
636 2221 914 2294 breves
967 2219 1356 2296 distantes.

475 2338 655 2412 Cor.
706 2337 1041 2410 crza-iata
1086 2329 1324 2411 habet
1374 2337 1715 2434 calycem
1776 2336 2335 2438 tetraphyllum

278 2450 753 2537 valvaceum‚
816 2449 1067 2550 petala
1137 2464 1514 2549 quatuor,
1593 2451 1923 2527 stamina
2005 2450 2171 2527 duo
2247 2452 2331 2525 in

286 2565 485 2638 orbe
539 2563 914 2661 corollae.
928 2563 1203 2664 posita,
1252 2564 1554 2664 reliqua
1590 2580 1934 2664 quatuor
1972 2591 2116 2665 per
2135 2549 2335 2641 ¹bina

278 2679 499 2779 paria
564 2678 1075 2754 exterioribus
1138 2678 1520 2778 apposita,
1573 2692 1645 2753 et
1700 2704 1885 2759 eum
1936 2677 2061 2751 his
2111 2679 2333 2753 alter-
2445 2683 2448 2690 ’

277 2793 568 2868 nantia.
664 2794 971 2867 Desunt
1019 2794 1349 2876 stamina
1405 2791 1593 2867 due.

422 2955 425 2958 -
477 2910 657 2985 Cor.
716 2906 1160 3007 polypetala
1225 2905 1458 2980 etiam
1508 2905 1821 2994 labiata,
1873 2917 2009 2979 aut
2056 2903 2119 2978 si
2170 2929 2334 2979 ma-

278 3023 397 3098 vis
462 3021 756 3097 labiosa
821 3013 1227 3120 reperitur,
1275 3033 1370 3116 nt
1414 3020 1500 3091 ‘in
1551 3016 1914 3094 Violinis.
2016 3017 2332 3115 Perigo-

280 3136 515 3210 nium
577 3139 1000 3211 cassideum
1063 3133 1370 3210 Aconiti
1411 3130 1694 3229 -hujus
1773 3130 1929 3205 loci
1981 3156 2150 3206 non
2204 3145 2335 3218 est,

279 3274 472 3324 nam
520 3274 933 3342 summum
982 3262 1290 3324 tantum
1323 3246 1687 3348 phyllum
1721 3258 2164 3346 separatum
2215 3269 2338 3319 ex-

283 3378 449 3439 stat.
513 3369 794 3458 Posses
827 3389 987 3465 per.
1023 3364 1418 3438 labiosum
1454 3361 1998 3460 resupinatum
2036 3384 2336 3435 vocare.

284 3477 441 3555 Cfr.
528 3478 1085 3568 Reichenbach
1180 3491 1258 3552 et
1339 3476 1439 3551 de
1525 3473 1932 3574 Candolle*
1998 3473 2098 3551 de
2178 3475 2338 3549 hoc

212 3643 215 3648 -
281 3615 589 3689 genere.

364 3723 406 3731 '*
482 3708 663 3781 Cor.
702 3705 1230 3807 papz'lionacea
1280 3718 1393 3802 est
1445 3729 1599 3779 cor.
1633 3701 2121 3804 pentapetala
2165 3725 2337 3775 ana-

219 3813 225 3819 ’
282 3819 705 3919 morphosi
755 3831 1075 3892 mutata.
1178 3819 1505 3893 Constat
1555 3843 1597 3893 e
1644 3816 1961 3902 vexillo,
2031 3815 2342 3890 duabus

283 3933 426 4008 alis
492 3946 568 4009 et
631 3931 891 4007 carina
956 3956 1000 4007 e
1074 3929 1386 4007 duabus
1434 3931 1711 4033 petalis
1763 3943 2115 4006 connata.
2214 3931 2342 4004 In-

278 4047 605 4136 terdum
658 4070 820 4123 cor.
867 4046 1374 4148 monopetala
1425 4045 1834 4143 unguibus
1890 4043 2368 4145 petalorum·
