2843 4800
1039 322 1613 405 sY'STE'MA'
2208 331 2351 407 4:32

276 524 517 603 ·foro
557 523 947 601 Botanico
1026 514 1496 624 releganda
1529 539 1722 603 sunt
1794 512 2034 623 (ibid.
2113 528 2337 622 2262).

276 645 475 717 Non
528 638 798 715 solum
846 636 1123 715 salsam
1174 639 1596 716 adfinitatis
1647 641 2063 716 notionem
2107 630 2340 715 indu·

273 774 463 832 cere
516 767 887 856 possunt,
936 754 1083 829 sed
1131 752 1503 853 adjectiva
1556 770 1883 856 quoque
1931 767 2136 829 sunt.

477 868 829 945 Nomina
894 868 1289 966 gener-ica,
1373 869 1608 944 simili
1686 893 1891 943 sono
1961 868 2337 953 exeuntia.

273 1008 560 1060 ansam
609 982 991 1101 praebent
1038 976 1518 1058 confusioni
1551 981 1782 1081 (ibid.
1805 983 2090 1077 228..)·
2148 986 2334 1057 Non

270 1112 399 1174 est
461 1111 763 1184 tamen,
827 1120 972 1172 cur
1037 1086 1521 1172 Schmidtiae
1586 1106 1888 1171 nomen
1951 1094 2059 1170 ob
2132 1096 2335 1172 smi

268 1213 533 1287 thiam
580 1211 667 1286 in
720 1209 1252 1286 Coleanthum
1302 1210 1495 1286 velis
1542 1223 1872 1327 mutare.

477 1324 829 1401 Nomina
892 1326 1284 1422 generiea,
1348 1346 1552 1427 quae
1604 1349 1693 1400 ex
1742 1316 2012 1421 graeca
2059 1321 2180 1398 vel
2229 1320 2334 1398 la·

266 1442 447 1517 tina?
502 1432 775 1538 lingua
847 1438 1201 1516 radicem
1279 1464 1449 1517 non
1515 1438 1839 1524 habent,
1911 1434 2332 1534 rejicienda

269 1567 467 1628 sunt
550 1551 783 1649 (ibid.
848 1554 1086 1651 229.)
1218 1555 1503 1632 Nescio
1587 1574 1813 1639 tero,
1875 1576 2039 1639 „cur
2101 1575 2333 1639 voces

267 1668 597 1763 linguae
667 1666 1183 1742 samscriticae
1250 1682 1501 1769 aeque
1560 1681 1955 1753 mortuae,
2016 1688 2333 1763 graecae

267 1779 589 1867 similis,
644 1778 1069 1857 excludere
1131 1780 1388 1857 velles.
1491 1782 1817 1859 Cautius
1882 1779 2330 1855 adhibenda

263 1908 462 1971 sunt
510 1895 842 1970 nomina
895 1919 938 1970 e
1003 1894 1271 1992 lingua
1328 1895 1673 1983 arabica,
1731 1895 2066 1996 persica,
2128 1894 2332 1969 aliis-

260 2032 428 2112 que
480 2008 772 2107 linguis
813 2009 1092 2084 *minus
1141 2009 1352 2085 notis
1397 2007 1784 2093 derivata}
1824 2007 2330 2097 admittenda,

260 2125 327 2201 si
396 2121 772 2200 facillime
834 2114 1469 2224 'pronuntiantur
1547 2136 1625 2198 et
1686 2121 2331 2201 terminationem

259 2238 570 2314 habent
619 2264 661 2314 a
714 2237 951 2313 latina
984 2262 1206 2314 sono
1261 2260 1431 2312 non
1472 2235 1698 2313 valde
1735 2237 2329 2341 discrepantem.

259 2353 612 2453 Recepta
677 2351 955 2452 utique
1020 2350 1418 2428 servanda.
1533 2351 1884 2430 Nomina
1948 2377 1990 2430 e
2039 2350 2328 2503 linguis

260 2464 686 2567 europaeis
735 2490 903 2541 non
954 2466 1296 2540 mortuis
1344 2464 1787 2562 rejicienda.

460 2578 812 2657 Nomina
864 2579 1219 2679 generica
1271 2577 1720 2677 plantarum
1781 2603 1970 2656 cum
2034 2579 2328 2657 Zoolo-

258 2717 559 2794 gorum
609 2708 687 2770 et
732 2687 1345 2791 Lithologorum
1407 2692 2031 2768 nomenclaturis
2108 2719 2327 2770 com·

256 2810 564 2898 munia,
613 2809 677 2885 si
735 2834 777 2884 a
826 2807 1220 2884 Botanicis
1268 2819 1543 2907 postea
1598 2819 1959 2893 assumta,
2010 2805 2111 2881 ad
2143 2806 2324 2882 illos

257 2922 739 3001 remittenda
805 2935 993 2997 sunt
1054 2919 1291 3019 (ibid.
1357 2920 1596 3014 230.).
1694 2919 2043 2995 Nomin‘a
2094 2943 2327 3017 gene·

256 3040 421 3113 rica
474 3064 659 3113 cum
707 3027 1391 3121 Anatomicorum,
1421 3032 2074 3130 Pathologorum,
2118 3035 2326 3110 The-

258 3152 861 3250 rapeuticorum
956 3151 1082 3226 vel
1175 3145 1597 3235 Artificum
1655 3147 2322 3224 ·nomenelaturis

258 3266 761 3352 communia,
826 3263 1262 3342 omittenda
1327 3260 1571 3362 (ibid.
1634 3261 1872 3358 231.)
1968 3262 2318 3339 Pessima

256 3392 448 3455 sunt
512 3379 878 3466 nomina,
940 3375 1124 3454 alias
1170 3401 1310 3456 ‘res
1371 3376 1725 3474 vulgatas
1785 3375 2318 3476 significantia,

255 3494 376 3568 uti
441 3492 830 3567 Lamarkii
893 3495 1222 3570 nomina
1274 3487 1746 3568 cbchleis'et
1781 3491 2118 3567 conchis
2163 3492 2319 3567 im.-

257 3597 553 3708 posita',
608 3630 668 3681 e.
720 3628 787 3702 g.
839 3606 1172 3695 Ancilla,
1226 3607 1473 3684 Oliva.

453 3720 807 3796 Nomina
874 3722 1230 3817 genet-ica
1297 3720 1686 3797 contraria
1734 3719 2032 3823 ‚speciei
2084 3721 2314 3797 alicui

255 3835 380 3909 sui
435 3836 746 3933 generis
796 3827 1004 3912 mala
1055 3849 1242 3911 sunt
1288 3836 1527 3934 (ibid.
1574 3839 1742 3912 232.
1761 3842 1820 3931 ).·
1923 3831 2313 3912 Difficilli-

255 3953 519 4024 mum’
564 3965 833 4027 tamen
911 3964 1058 4037 est,
1138 3974 1446 4027 nornen
1521 3949 1947 4053 imponere
2026 3952 2312 4050 generi,

260 4062 505 4159 quod,
554 4064 754 4144 nulli
770 4117 784 4124 --
814 4066 931 4142 sit·
956 4058 1494 4142 eontrarium'
1529 4065 1814 4167 speciei
1859 4064 2311 4171 (Sprengel.
