2843 4800
506 302 509 313 ’
546 304 695 385 418
1215 302 1941 383 VEGETATIO.

660 500 1152 621 *Simplicia*
1195 504 1674 606 plerumque
1727 503 2108 581 deorsum
2158 502 2617 593 flectuntur,

549 616 791 698 simul
828 642 1173 721 quoque
1224 633 1831 707 convertuntur,
1887 620 2130 693 situm
2184 619 2618 721 obliquum

549 734 843 810 scilicet
905 748 1352 821 assumunt,
1414 733 1870 810 interdum
1894 734 2324 809 connivent
2386 749 2465 809 et
2511 735 2617 810 ita

547 848 801 925 flores
843 862 1276 946 contegunt
1323 848 1719 950 (Atriplex
1735 851 1788 947 ).

552 1009 577 1016 -
632 988 661 1017 ’ἰ
722 960 1209 1064 ‘Composita
1259 965 1489 1039 variis
1539 963 1811 1040 modis
1845 982 2014 1038 sese
2057 960 2373 1037 hahent.
2471 968 2617 1038 Pe*

546 1077 725 1153 tioli
772 1092 937 1154 tam
973 1098 1447 1157 communes
1484 1104 1726 1179 quam
1761 1072 2142 1179 partiales
2135 1077 2612 1177 saepissime

550 1190 1024 1294 dependent.
1133 1190 1442 1267 Foliola
1508 1193 1989 1307 plerumque
2041 1190 2427 1266 deorsum
2475 1193 2615 1268 flea·

546 1307 904 1394 etunt'ur,
969 1314 1047 1381 'et
1121 1302 1456 1421 'quidem
1518 1298 1981 1407 simpliciter
2029 1320 2165 1381 aut
2209 1331 2612 1395 converse,

542 1422 649 1497 ita
713 1434 811 1496 ut
874 1419 1067 1495 alter
1126 1443 1405 1518 margo
1476 1421 1828 1497 coelum
1845 1433 2165 1521 spectet,
2220 1420 2416 1495 alter
2461 1436 2609 1496 ter-

546 1532 722 1612 ram
786 1528 1524 1632 (Pseud-Acacia),
1595 1549 1730 1610 aut
1777 1536 2116 1622 inverse,
2179 1534 2287 1609 ita
2337 1549 2433 1610 ut
2473 1561 2608 1636 pa-

543 1651 725 1749 gina
778 1649 1146 1750 superior
1182 1642 1332 1724 ‘fiat
1378 1650 1728 1738 interior,
1778 1646 2116 1723 inferior
2163 1673 2352 1724 vero
2410 1664 2605 1725 exte*

539 1759 711 1840 rior
761 1758 1186 1862 (Cassiae).
1224 1788 1233 1827 ἑ
1272 1760 1704 1839 ‘Interdum
1755 1760 2033 1838 foliola
2086 1772 2408 1838 sursum
2471 1764 2608 1841 fle·

539 1892 869 1955 ctuntur
926 1892 1003 1954 et
1065 1878 1351 1979 pagina
1416 1879 1826 1978 superiore
1895 1877 2045 1951 sibi
2123 1878 2606 1954 accumbunt

541 1986 796 2090 (vicia
839 1990 1161 2087 Faba).-
1205 1992 1623 2068 Interdum
1681 1991 2240 2088 (imbricantia)
2302 1995 2605 2093 petiolo

536 2106 822 2209 pagina
874 2102 1275 2180 inferiore
1351 2104 1728 2206 applicata
1796 2120 2000 2181 sunu
2148 2111 2336 2182 Non
2425 2132 2605 2186 raro

535 2216 779 2297 flores
831 2232 1281 2315 contegunt.
1382 2223 1688 2296 Omnes
1722 2216 1871 2297 hae
1905 2221 2387 2297 mutationes
2423 2249 2607 2299 cum

535 2332 931 2430 rigiditate
1004 2332 1276 2434 petioli
1362 2330 1830 2430 conjunctae
1909 2338 2123 2424 sunt,
2205 2359 2398 2413 nec
2420 2348 2607 2415 cum

535 2447 1023 2524 flacciditate.
1139 2448 1301 2524 (i‘fr.v
1326 2491 1331 2500 ·
1359 2449 1586 2524 Linn.
1649 2452 1849 2527 Diss.
1891 2456 2258 2527 ‘Somnus
2307 2452 2606 2553 planta-

532 2581 721 2638 rum
762 2564 946 2639 Am.
999 2585 1127 2635 ac.·
1158 2559 1357 2639 P.³'4.
1409 2564 1549 2640 Ph.
1600 2566 1977 2642 hot*335.r

530 2695 655 2740 ww:
730 2678 852 2751 De
888 2697 895 2700 ⁷
928 2671 1428 2753 causa-‘varii
1482 2677 1809 2755 fuerunt
1876 2683 2254 2755 auctores.
2371 2681 2603 2756 Lucis

532 2789 944 2867 absentiae·
976 2786 1504 2868 tribuendum
1557 2811 1746 2882 [esse
1795 2813 2178 2870 somnum
2246 2794 2404 2871 Hill
2455 2819 2607 2896 pu<-

532 2897 751 2996 tavtit»
789 2903 1008 3002 (The
1058 2903 1735 3007 sleepnofeplants.
1808 2907 2063 2984 Lond.
2107 2913 2326 2986 1762.
2396 2914 2462 2986 8.
2514 2911 2604 2984 in

535 3042 778 3117 germ.
852 3017 1035 3116 ling.
1094 3011 1718 3097 'versa-*Niirnh
1801 3013 2082 3119 1768).
2220 3027 2319 3099 At
2396 3025 2604 3099 Zinn

531 3132 1026 3210 contrarium
1124 3136 1468 3235 probare
1567 3135 1873 3212 studuit
1971 3138 2301 3234 (Hamb.
2401 3144 2602 3236 Mag.

530 3247 624 3344 ἑὲ
672 3251 790 3330 26.
840 3274 914 3348 p.
967 3247 1136 3342 40..)
1232 3248 1520 3346 Litem
1549 3251 2006 3350 composuit
2058 3250 2159 3326 de
2212 3251 2601 3346 Candolle

536 3360 854 3472 (Bullet.
935 3361 1006 3436 d.
1082 3360 1129 3440 l.
1190 3363 1377 3444 So'c.
1410 3364 1770 3472 philom.
1833 3388 1907 3437 n.
1971 3339 2137 3478 42.)
2192 3365 2330 3468 qui
2382 3347 2599 3451 vidit,

529 3474 891 3581 plantas
870 3500 953 3549 m
990 3475 1355 3551 tenebris
1373 3449 1830 3553 constitutas
1853 3471 1956 3586 e't
1967 3503 2129 3586 pel
2162 3477 2367 3554 vices
2421 3503 2600 3553 can-

533 3588 731 3665 d'e'li's
794 3590 1211 3664 illustratas
1276 3592 1506 3667 initio
1576 3591 1746 3667 'dies
1812 3605 1911 3666 'et
1953 3593 2226 3667 noctes
2289 3609 2601 3668 servare

518 3700 951 3791 naturale&
1014 3717 1203 3779 -tum
1269 3729 1459 3781 vero
1528 3706 1820 3782 sensim
1875 3721 1986 3780 a
1983 3705 2142 3781 'die
2221 3719 2302 3781 et
2363 3719 2599 3782 nocte

516 3818 907 3978 “artificiali
948 3818 1057 3893 ad
1112 3837 1497 3918 somnum
1550 3831 1646 3896 et
1672 3819 1972 3926 vigilias
2021 3818 2584 3896 determinari.·

718 3915 1201 4011 Mutationes
1251 3933 1554 4010 florum
1602 3942 1823 4008 sunt:
1855 3921 1988 4012 01
1999 3933 2409 4010 ‘induntur
2459 3959 2598 4010 co·-

516 3969 724 4124 rolla
778 4060 855 4124 et
903 4046 1161 4146 calyce
1198 4073 1488 4125 rursus
1537 4049 1643 4124 ita
1695 4005 2179 4149 complicatis
2233 4063 2309 4123 et
2345 4075 2597 4150 appo-
2711 4123 2720 4132 ,
