2843 4800
1119 345 1465 431 PLos„
1599 386 1605 394 ·
2156 344 2327 422 3⁰9.

245 546 498 620 cescit.
624 540 1016 640 Singulari
1105 542 1467 643 exemplo
1546 542 1632 618 in
1698 541 2058 640 Frag‘aria
2089 535 2316 636 *bac-⁴

246 673 514 734 catum
610 656 705 733 fit
804 671 881 733 et
975 683 1019 734 a
1116 654 1609 759 receptaculo
1707 654 2080 733 facillime
2183 680 2312 742 set.

247 772 473 851 cedit.
518 785 523 790 ’
1707 862 1713 868 ,

442 887 763 964 Corona
794 913 809 918 ·
836 884 1274 985 petaloidea
1358 884 1564 960 intra
1638 884 1970 984 stamina
2043 883 2314 985 posita,

245 1014 390 1088 est,
466 1024 727 1101 eoque
787 998 964 1074 solo
1030 1000 1467 1075 charactere
1520 1024 1562 1074 a
1612 998 2097 1099 paracorolla
2151 996 2300 1072 dif-

241 1111 413 1190 fert.
510 1113 797 1190 Vocari
846 1127 1106 1214 potest
1152 1111 1636 1215 paracorolla
1691 1113 2041 1200 interior.
2092 1193 2098 1198 ,
2143 1115 2300 1190 Oc-

245 1227 492 1301 currit
535 1226 621 1301 in
672 1229 1299 1304 Commersonia.
1395 1228 1629 1304 Etin
1679 1227 2115 1304 Diosminis
2160 1251 2297 1310 ne·
2383 1289 2386 1294 .

246 1342 479 1417 ctaria
555 1365 759 1442 quae
838 1356 1223 1418 vocantur
1299 1339 1742 1443 parapetala
1829 1355 2019 1418 sunt
2095 1341 2310 1418 intra⁴

247 1456 580 1530 stamina
628 1454 903 1555 posita.
1024 1530 1034 1539 ,
1913 1531 1921 1539 ,
2199 1483 2204 1495 ·

444 1567 874 1643 Glandulas
935 1567 1283 1670 aliasque
1347 1584 1605 1669 partes
1669 1569 1755 1645 in
1818 1568 2308 1670 gynophoro,

248 1679 450 1758 sitas·
481 1705 645 1757 esse
693 1683 1024 1759 stamina
1074 1708 1242 1759 non
1294 1683 1606 1760 evoluta
1655 1689 1747 1762 R.
1794 1687 2328 1764 Bro‚wn‚mo-··

246 1793 441 1870 nuit.
589 1800 802 1872 Tum
902 1798 1211 1900 Turpin
1312 1798 1590 1896 (Essai
1707 1796 2304 1898 d'Ico11ograph.‚

241 1932 318 2007 p.
384 1907 594 2005 130.)
657 1911 1004 2012 pessimo
1067 1912 1401 1988 nomine
1449 1913 2111 2013 phycostemones
2159 1934 2304 1990 vo-

246 2021 475 2109 cavit,
540 2037 618 2099 at
680 2026 977 2126 optime
1057 2026 1448 2128 exposuit,
1512 2022 1727 2124 φόνος
1792 2027 2007 2101 enim
2065 2021 2300 2106 fucus

243 2149 356 2210 est
440 2150 520 2212 et
595 2138 1261 2239 phycostemones
1342 2141 1675 2220 stamina
1755 2138 2019 2248 fucata
2086 2151 2296 2222 sunt.

238 2253 562 2327 Nomen
610 2252 995 2353 perigynii
1044 2255 1243 2330 mihi
1297 2269 1572 2356 aptum
1620 2254 1950 2331 videtur.

439 2363 869 2443 Glandulas
929 2367 1294 2447 videmus
1356 2369 1440 2445 in
1489 2372 1696 2449 Ruta
1745 2368 1905 2446 huc
1958 2366 2294 2445 omnino

236 2480 718 2580 pertinentes
769 2508 812 2557 a
849 2482 1213 2582 Turpino
1251 2484 1602 2561 omissas.
1694 2488 1790 2560 In
1822 2483 2093 2589 multis
2128 2481 2298 2561 aliis

241 2620 574 2695 quoque
627 2600 1078 2673 occurrunt.

439 2713 833 2810 Squamae
897 2709 1099 2786 circa
1165 2707 1535 2809 carpellas
1607 2710 1693 2783 in
1771 2706 2302 2810 Sempervivis,

236 2846 412 2901 non
502 2824 774 2898 minus
869 2823 1032 2899 huc
1124 2821 1632 2909 referendae,
1730 2823 1849 2897 uti
1966 2845 2248 2922 quoqu

238 2961 568 3038 squama
620 2938 770 3014 sub
824 2937 1179 3035 germine
1227 2936 1312 3010 in
1366 2935 1768 3012 salicibus.
2081 2982 2086 2987 -
2195 2978 2200 2983 -

435 3052 538 3125 Et
604 3051 691 3124 in
762 3051 1139 3153 Epigynis
1211 3049 1615 3152 perigynia
1684 3047 2001 3135 adsunt,
2085 3040 2154 3121 e.
2224 3069 2305 3144 g.„

236 3161 579 3237 laminae
615 3162 819 3240 duae
867 3190 1238 3243 carnosae
1272 3161 1992 3249 Umbelliferarum,
2052 3161 2303 3237 Com-

240 3274 684 3376 positarum
732 3283 1166 3360 nectarium
1218 3305 1366 3356 sec.
1419 3278 1916 3375 cassinietc.
2083 3348 2090 3357 .
2209 3346 2219 3359 ,

434 3382 798 3464 Aimujus
865 3417 1239 3471 carnosus
1302 3394 1388 3467 in
1442 3390 1620 3467 aliis·
1659 3414 1982 3489 germen
2034 3390 2294 3488 cingit.-

238 3506 381 3579 Est
439 3500 919 3599 unilateralis
956 3502 1516 3603 (orobanche
1579 3496 2041 3602 unissora),
2091 3506 2291 3580 inte-

242 3640 380 3715 ger
429 3615 829 3713 (Gratiola
883 3616 1381 3716 officinalis),
1437 3618 2034 3720 quinquelohus
2086 3619 2291 3716 (Co-

241 3730 435 3806 haea
486 3729 949 3827 scandens),
1000 3732 1354 3808 sinuatus
1403 3732 1857 3830 (Thouinia
1904 3730 2292 3833 pinnata),

240 3842 647 3920 interdum
710 3845 1042 3921 stamina
1102 3847 1516 3948 proferens
1593 3847 1905 3945 (Citrus
1989 3847 2290 3922 Auran-

242 3956 514 4055 tium).
614 3957 770 4035 Cfr.
824 3958 1132 4060 Turpin
1180 3962 1228 4038 l.
1280 3986 1339 4037 c.
1581 4034 1582 4039 ,

433 4073 843 4172 Perigynia
907 4072 1136 4174 plura
1199 4078 1403 4154 inter
1464 4099 1550 4152 se
1609 4087 1942 4150 connata
1992 4087 2069 4148 et
2117 4099 2290 4173 per-
