2843 4800
558 309 705 387 384
1221 310 1944 389 VEGETATIO.

562 508 817 588 dubio
868 505 1246 586 destinata
1295 524 1483 586 sunt
1527 535 1705 587 vasa
1754 509 2081 612 spiralia.
2176 514 2342 587 Per,
2389 534 2634 588 mea-

558 641 687 703 tus
734 624 1549 701 intercellulares·-labi
1571 649 1910 701 succum
1952 625 2078 699 vix
2110 624 2635 729 crediderim,

559 765 748 817 cum
812 738 899 813 in
962 738 1180 836 ligno
1245 739 1701 841 praesertim
1751 737 2203 840 adscendat,
2262 740 2408 814 ubi
2460 740 2629 813 mi-

559 853 741 930 nori
792 852 1017 954 copia
1066 853 1596 940 inveniuntur,
1646 876 1834 928 cum
1874 853 2002 928 isti
2034 865 2342 929 meatus
2375 873 2628 954 saepe

563 968 821 1056 desint
870 981 1004 1044 aut
1054 968 1432 1044 obstructi
1480 967 2012 1068 reperiantur·
2095 971 2313 1045 Inter
2377 968 2628 1054 corti-

561 1087 765 1160 cem'
801 1095 876 1160 et
935 1081 1244 1180 lignum
1307 1079 1784 1160 adscendere
1844 1105 2173 1157 succum
2220 1080 2346 1156 vix
2392 1104 2622 1155 nune

563 1207 704 1286 est,
773 1196 908 1299 qui
963 1194 1260 1284 credat,
1327 1221 1513 1272 cum
1573 1194 2071 1271 intervallum
2119 1219 2290 1271 non
2340 1195 2624 1270 existat

562 1338 660 1390 eo
694 1326 1074 1411 tempore,
1110 1335 1273 1410 quo
1308 1309 1764 1412 praesertim
1805 1310 2013 1385 succi
2051 1307 2573 1384 adscendunt.

748 1425 1055 1503 Eadem
1116 1449 1295 1501 vasa
1360 1439 1439 1500 et
1499 1448 1827 1500 succum
1892 1422 2285 1501 adducere
2354 1436 2432 1498 et
2489 1447 2620 1497 re-

561 1541 846 1618 vehere
910 1539 1294 1615 videntur.
1376 1537 1558 1616 'Per
1615 1538 2035 1640 petiolum,
2109 1559 2616 1637 nervumque

560 1654 1033 1758 primarium
1129 1678 1406 1730 succos
1501 1653 1861 1738 transire,
1944 1653 2238 1753 quibus
2317 1650 2612 1756 folium

556 1769 1112 1846 ,succulentum
1177 1768 1601 1869 explicetur
1672 1779 1749 1842 et
1798 1765 2048 1840 alatur
2092 1765 2411 1841 nullum
2464 1763 2615 1839 du-

560 1883 792 1960 bium
857 1897 989 1964 est.
1106 1883 1185 1959 Si
1239 1881 1603 1974 adfluxus
1652 1904 1695 1956 e
1742 1878 2007 1955 radice
2056 1892 2324 1964 cessat,
2387 1877 2611 1953 idern

563 2021 844 2076 succus
926 2019 969 2072 e
1050 1993 1261 2072 foliis
1334 1994 1541 2070 redit
1611 1993 1711 2068 ad
1786 1992 2025 2068 flores
2088 1990 2614 2094 explicandos.

567 2111 835 2185 Simili
886 2107 1141 2185 modo
1207 2133 1374 2184 sese
1434 2107 1729 2183 habent
1773 2105 2033 2192 bulbi,
2083 2105 2283 2182 cauli
2337 2119 2416 2181 et
2461 2103 2615 2181 sso-

560 2222 785 2298 ribus
826 2271 829 2276 ,
865 2246 1191 2297 succum
1255 2221 1674 2304 nutritium
1746 2221 2294 2296 ministrantes.
2424 2219 2612 2294 Bul-

454 2432 455 2435 *
561 2334 714 2411 bos
801 2334 884 2409 in
972 2339 1149 2411 aere
1204 2333 1611 2421 florenteS,
1692 2333 2051 2436 pondere
2099 2356 2266 2409 non
2320 2331 2609 2430 augeri,

563 2448 702 2525 sed
755 2473 797 2524 e
844 2448 1186 2550 propriis
1235 2448 1489 2524 succis
1538 2449 1819 2524 nutriri
1866 2448 2025 2547 jam
2070 2446 2325 2524 Krafft
2385 2471 2610 2548 expe-

560 2564 906 2640 rimento
968 2564 1330 2666 probavit
1392 2565 1530 2661 (N.
1598 2564 1911 2639 Comm.
1973 2560 2205 2639 Acad.
2271 2566 2470 2637 Petr.
2534 2565 2605 2637 3.

560 2705 636 2780 p.
666 2678 887 2777 231).
982 2678 1208 2756 Idem
1241 2677 1327 2753 in
1360 2677 1831 2753 succulentis
1863 2675 2035 2752 fieri
2069 2675 2268 2752 vidit
2312 2675 2608 2772 Gough

564 2793 845 2891 (Mem.
896 2791 996 2869 of
1013 2793 1148 2869 the
1182 2796 1355 2868 Soc.
1392 2789 1492 2865 of
1515 2791 2025 2867 Manchester.
2077 2793 2167 2864 T.
2202 2791 2268 2864 4.
2322 2790 2607 2866 Schee-

559 2929 728 2982 rers
802 2910 1080 2983 Journ.
1166 2905 1238 2980 d.
1314 2904 1660 2983 Chemie.
1727 2910 1816 2987 Τ.
1876 2908 1945 2995 3.
2007 2930 2083 3006 p.
2141 2903 2356 3002 525.)
2409 2904 2648 3005 quin‘

558 3020 917 3123 pondere
967 3018 1328 3095 diminui.
2171 3014 2176 3019 ’

753 3134 1301 3235 Experimenta
1409 3132 1512 3209 de
1620 3133 2067 3221 arborihuS,
2162 3155 2599 3234 earumque

561 3248 800 3324 ramis
858 3249 1161 3323 inverse
1222 3245 1614 3349 plantatiS,
1678 3244 2049 3324 facillime
2094 3246 2598 3324 instituendis

563 3376 642 3437 et
686 3362 1134 3463 saepissime
1194 3361 1563 3437 institutis
1627 3359 1786 3459 jam
1851 3362 1995 3437 diu
2044 3361 2426 3449 docuere,
2474 3385 2598 3436 ve-

560 3500 733 3551 ram
779 3476 1386 3551 circulationem
1435 3476 1877 3552 humorum
1925 3476 2096 3552 non
2143 3476 2482 3552 inveniri
2514 3475 2597 3549 in

468 3600 475 3613 '
559 3589 861 3691 plantiS,
891 3605 989 3666 ·et
1034 3591 1414 3666 humores
1463 3580 1607 3691 per
1652 3590 2252 3691 ⁸vasautrinque
2283 3589 2597 3691 perlabi.

558 3709 954 3783 Inversam
992 3705 1232 3780 totius
1274 3705 1575 3779 arboris
1622 3700 2191 3807 plantationem
2238 3717 2598 3805 respectu

561 3819 662 3895 ad
725 3819 1166 3896 humorum
1232 3818 1845 3895 circulationem·
1882 3818 2190 3919 primus
2262 3818 2599 3894 instituit

558 3933 1159 4011 Leeuwenhoek
1209 3933 1513 4031 (Arcan.
1543 3937 1811 4011 Natur.
1847 3932 2119 4009 detect.
2154 3938 2234 4010 L.
2266 3937 2350 4008 B.
2387 3935 2596 4010 1722

559 4071 634 4145 p.
700 4048 930 4144 143.)
1058 4046 1225 4124 Alia
1309 4047 1833 4150 experimenta
1894 4046 2114 4125 idem
2176 4045 2596 4149 probantia

2482 4182 2596 4233 1n-
