2843 4800
919 318 1672 403 STRUCTURA.
2187 322 2327 401 109.

266 521 469 619 45),
521 541 813 620 aquam
863 499 1374 597 aeriformem
1423 520 1900 597 Treviranus
1960 518 2099 618 (V.
2148 518 2325 595 inw.

265 639 458 711 Bau.
492 659 567 734 Ρ.
603 633 825 730 103.)
904 634 1294 710 Tracheas
1330 657 1496 710 esse
1532 631 1941 710 adfirmavi
1979 631 2322 731 (Nachtr.

265 746 458 825 Hest
503 751 573 824 2.
605 774 680 850 Ρ.
712 748 886 843 25).
966 746 1290 824 Accedit
1316 749 1591 825 Kieser
1623 747 1961 847 (Phytot.
1994 772 2068 846 Ρ.
2105 747 2322 844 107.).
2457 803 2462 806 -

265 866 560 940 Aerem
655 862 1023 937 extricare
1113 863 1618 965 Sprengelius
1697 872 1921 964 putat
2002 861 2322 958 (Anleit.

264 977 412 1054 Ed.
462 980 530 1052 2.
579 1004 654 1079 p.
704 978 887 1072 36.).

461 1090 596 1167 Nil
687 1089 960 1181 refert,
1052 1116 1151 1167 an
1223 1090 1578 1192 liquores
1665 1090 2062 1166 coloratos
2135 1116 2322 1193 pro-

264 1205 564 1307 pellant
641 1229 792 1280 nec
871 1230 993 1281 ne.
1137 1209 1304 1282 Nec
1392 1204 1820 1294 attrahunt,
1906 1205 2060 1281 nisi
2148 1230 2320 1282 cor-

263 1332 498 1420 rupta
544 1316 844 1396 fuerint
892 1320 1272 1420 (Grundl.
1305 1347 1380 1422 p.
1414 1323 1528 1398 72.
1545 1320 1598 1418 ).
1696 1324 1885 1396 Non
1919 1319 2316 1409 audiendi,

268 1435 408 1536 qui
469 1432 771 1509 radices
822 1459 867 1512 e
914 1447 1118 1512 terra
1170 1435 1514 1512 evellunt
1563 1448 1639 1513 et
1683 1434 2135 1536 liquoribus
2186 1460 2317 1513 co·-

264 1548 533 1625 loratis
580 1547 1033 1650 imponunt.
1128 1553 1329 1629 Vasa
1361 1548 1985 1626 haeccelumine
2017 1572 2311 1647 magno

263 1660 614 1766 praedita
677 1661 1079 1764 liquorem
1144 1688 1315 1741 non
1375 1662 1756 1750 fundunt,
1833 1663 1970 1763 qui
2023 1687 2066 1738 e
2114 1665 2313 1740 vasis

261 1776 604 1879 propriis
654 1800 1031 1854 emanans
1080 1776 1305 1855 facile
1341 1778 1840 1879 conspicitur.
1922 1776 2099 1852 Pini
2133 1804 2313 1855 vasa

263 1890 570 1992 spiralia
627 1891 964 1967 minima
1025 1893 1350 1984 habent,
1427 1893 1621 1972 aliae
1690 1891 2003 1994 plantae
2074 1890 2312 1981 nulla,

264 2030 463 2109 quae
513 2006 817 2108 optime
864 2008 1346 2085 nutriuntur.

453 2116 663 2199 Cum
696 2120 1109 2221 Hedwigio
1144 2123 1525 2199 tubulum
1558 2121 1925 2225 spiralem
1959 2097 2309 2216 succum,

262 2233 594 2313 ductum
652 2260 843 2311 vero
909 2242 1174 2314 aerem
1237 2238 1525 2315 vehere
1583 2254 1822 2348 pute,
1898 2233 2074 2312 sed
2119 2264 2310 2324 eum

256 2374 585 2427 succum
654 2351 1077 2429 nutritium
1159 2352 1299 2456 qui
1382 2349 1593 2431 a'e‘ris
1666 2381 1824 2467 ope
1905 2350 1994 2436 in
2058 2364 2310 2501 ductu

259 2468 608 2544 contenti
652 2467 1241 2568 praeparandus
1290 2469 1406 2544 sit.

450 2583 649 2656 Vasa
696 2583 1014 2682 propria
1064 2608 1394 2661 succum
1443 2603 1833 2667 secretum
1895 2595 2303 2674 continere

253 2695 547 2798 prohat
595 2696 814 2783 color
858 2693 1100 2795 hujus
1148 2700 1361 2777 succi
1409 2703 1862 2804 saepissime
1909 2707 2257 2809 insignis,
