2843 4800
506 286 704 397 '426
1226 321 1955 421 VEGETATIO.

748 523 844 597 In
924 516 1187 595 radice
1258 519 1596 595 vulnera.
1670 521 1767 596 ab
1846 520 2162 597 insectis
2224 521 2623 623 producta

557 632 887 735 aliisque
933 634 1173 709 rebus
1224 633 1760 710 accidentibus
1808 632 2038 712 facile
2067 650 2337 712 totam
2398 637 2623 739 plan-

554 763 718 825 tam
787 763 1145 837 enecant,
1210 749 1320 823 sic
1368 772 1717 850 ,quoque
1787 749 2131 850 putredo
2216 766 2294 828 et
2367 753 2624 828 nimia

554 862 873 938 siccitas,
982 868 1284 940 Forsan
1351 876 1429 939 et
1490 863 1926 963 peculiares
1987 866 2255 941 morbi
2309 867 2621 955 adsunt,

552 976 922 1053 nondum
979 992 1097 1053 sat
1146 977 1461 1075 cogniti.
2085 1014 2090 1017 -

746 1096 840 1170 In
918 1092 1169 1169 caule:
1253 1091 1526 1169 Car-ies.
1673 1095 2018 1194 Lignum
2093 1110 2502 1196 separatur
2572 1123 2615 1171 a

552 1208 863 1294 cortice,
915 1205 1372 1292 exsiccatur,
1420 1207 1814 1285 mollescit
1863 1225 1940 1286 et
1985 1209 2151 1286 fere
2200 1210 2285 1284 in
2342 1210 2616 1312 pulve-

550 1348 743 1399 rem·
791 1321 1182 1397 dilabitur.
1248 1322 1612 1397 ·.Cariem
1681 1338 1971 1421 augent
2032 1325 2328 1400 insecta
2391 1349 2614 1424 prae-

551 1437 823 1512 sertim
897 1433 1288 1512 Bostrichi
1330 1450 1505 1511 =etc.
1656 1436 2130 1516 C'arcinoma.
2263 1439 2608 1536 Lignum

550 1564 956 1652 separatur
1004 1576 1046 1625 a
1100 1550 1425 1638 cortice,
1478 1552 1616 1652 qui
1665 1554 2100 1653 rumpitur,
2155 1567 2232 1629 et
2280 1577 2608 1628 succum

551 1666 839 1741 emittit
919 1665 1177 1740 variae
1270 1664 1602 1755 indolis,
1705 1692 1935 1768 saepe
2025 1666 2352 1757 acidum,
2436 1692 2606 1766 par-

547 1797 666 1858 tes
729 1780 1236 1857 circumcirca
1294 1795 1960 1882 corrumpentem.
2042 1782 2601 1876 Esggrjaoasatzb.

549 1898 839 1974 Cortex
895 1895 1300 1996 rumpitur
1366 1909 1444 1970 et
1504 1900 1785 1971 s‘uccus
1850 1919 2327 1994 gummosus
2393 1893 2603 1969 simi-

543 2013 739 2088 lisve
789 2010 1131 2088 exsudat.
1227 2015 1493 2086 Partes
1545 2009 2183 2108 circumjacentes
2223 2008 2606 2085 exsiccan-

545 2141 679 2202 tur
725 2152 873 2202 nec
938 2138 1583 2224 corrumpuntur.
1687 2125 2337 2200 Causae‘horum
2386 2149 2605 2200 mor-

542 2242 845 2316 borum
890 2241 978 2314 in
1027 2237 1176 2312 soli
1231 2237 1731 2338 quaerendae
1784 2237 2269 2315 conditione.

738 2354 1191 2430 Alburnitas
1275 2362 1423 2440 est,
1506 2352 1574 2428 si
1656 2366 1989 2430 stratum
2069 2353 2256 2451 ligni
2358 2350 2599 2427 molle

542 2482 846 2557 manet,
895 2468 1115 2566 interl
1165 2482 1416 2544 cetera
1455 2467 1706 2545 dura.
1820 2472 1887 2546 A
1934 2482 2406 2574 tempestate
2450 2467 2597 2542 hu-

542 2582 761 2659 mida
815 2583 1000 2657 anni
1053 2583 1240 2658 oriri
1292 2582 1731 2685 perhibent.

736 2697 1085 2776 Vulnera
1136 2698 1315 2773 huc
1350 2722 1678 2800 quoque
1727 2695 1999 2773 referri
2052 2712 2406 2799 possunt.

734 2814 829 2890 In
904 2811 1149 2888 herba
1232 2812 1636 2910 (caulibus
1718 2813 2118 2915 ramisque
2190 2811 2594 2898 viridibus»,

539 2924 1049 3030 pedunculis,
1111 2925 1354 3015 foliis,
1414 2928 1784 3016 bracteiS,
1839 2926 2413 3029 ,paraphylliis)
2477 2928 2590 3000 in-

536 3058 741 3118 secta
823 3054 1151 3115 nocent·
1202 3056 1340 3117 aut
1407 3042 1697 3143 plantis
1771 3042 1976 3117 sanis
1994 3049 2022 3128 ,'
2097 3055 2231 3118 aut
2309 3040 2593 3142 plantis

536 3154 960 3231 morbosis,
1109 3156 1446 3257 Cynipes
1542 3170 1618 3254 et
1692 3154 2279 3232 Ichneumones
2358 3155 2591 3254 gallas

534 3269 1032 3371 producunt,
1102 3293 1306 3370 quae
1357 3284 1493 3345 aut
1543 3293 1845 3367 massae
1898 3283 2304 3351 contextus
2358 3271 2586 3347 cellu-

535 3384 688 3459 losi
739 3397 926 3459 sunt
969 3380 1374 3471 informeS,
1408 3397 1564 3459 ¹aut
1609 3382 1816 3484 pilos
1853 3397 1988 3458 aut
2027 3384 2413 3460 foliorum
2461 3410 2586 3460 ru-

536 3498 888 3575 dimenta
950 3511 1251 3593 gerunt.
1371 3497 1685 3575 Similes
1738 3500 2294 3575 excrescentiae
2340 3498 2587 3575 insor-

530 3637 704 3689 mes
755 3625 891 3694 aut
940 3611 1281 3702 conicae¹
1315 3626 1391 3688 et
1441 3611 1911 3711 cylindricae
1946 3614 2074 3688 'ab
2137 3612 2584 3713 Aphidibus

522 3742 805 3814 ,ortum
853 3725 1196 3802 trahunt.
1251 3729 1505 3805 ,Sunt
1551 3753 1740 3806 vero
1773 3727 2056 3804 ,Cocci-
2086 3741 2164 3802 et
2226 3726 2584 3805 Chermis

531 3843 831 3943 species
896 3865 1045 3918 nec
1105 3865 1274 3917 non
1337 3839 1912 3945 AphideS,<.qui
1966 3843 2323 3920 entozois
2371 3842 2583 3919 simi-

529 3954 641 4031 les
667 3972 674 3979 ·
690 3955 992 4058 plantas
1041 3955 1461 4032 morbosas
1508 3970 2027 4057 prosternant.

723 4068 1043 4171 Albiga,
1071 4072 1395 4174 ferrugo
1449 4083 1527 4147 et
1574 4073 1803 4147 uredo
1856 4072 2227 4150 oriuntur
2261 4096 2362 4155 ,ex
2395 4074 2580 4168 Ery-
