2843 4800
1155 305 1478 381 FLOS.
1959 368 1968 377 .
2183 310 2331 389 25⁹

288 526 620 606 quoque
701 502 788 577 in
872 501 1148 577 orbem
1231 502 1511 602 positis
1591 524 1759 578 non
1826 504 2092 585 solum
2148 531 2330 595 umg-

284 617 492 694 bella
556 615 1048 702 universalis,
1115 613 1254 690 sed
1322 640 1647 719 quoque
1710 608 2051 719 partialis
2099 606 2329 723 saepe

287 732 536 808 cincta
602 745 742 817 est,
811 753 1013 829 quae
1076 728 1579 804 involucrum
1643 745 1718 809 et
1763 731 2329 825 involucellum

281 858 685 922 vocantur.
804 842 1056 941 (Male
1125 841 1398 918 dicunt
1445 843 1847 921 involucra
1899 862 1975 923 et
2019 848 2329 925 involu-

286 959 512 1046 cella,
611 980 813 1059 quae
911 956 1302 1032 involucri
1385 971 1463 1031 et
1536 957 1985 1036 involucelli
2064 959 2328 1061 phylla

286 1072 536 1170 sunt).
658 1073 860 1147 Hinc
936 1069 1036 1145 ad
1110 1069 1332 1157 floris
1406 1069 1766 1147 habitum
1843 1089 1920 1149 et
1979 1073 2328 1153 umbella

284 1184 744 1264 universalis
832 1182 1146 1259 accedit.
1275 1181 1481 1261 Rem
1566 1183 2039 1263 confirmant
2120 1187 2322 1264 radii

285 1314 471 1402 post
514 1298 1090 1375 florescentiam
1140 1312 1373 1373 motu
1417 1296 1627 1372 vitali
1678 1323 1844 1376 non
1891 1290 2104 1390 rar0,
2155 1326 2217 1379 e.
2247 1324 2324 1403 g.

284 1415 374 1490 in
422 1414 710 1489 Daucis
762 1412 1287 1491 conniventes.

486 1525 940 1628 Capitulum
987 1525 1519 1624 Eryngiorum
1570 1523 1670 1607 ad
1720 1516 2104 1605 anthodia‘
2127 1553 2323 1618 vera,

288 1640 373 1718 ni
421 1636 684 1727 fallor,
733 1639 1003 1717 referri
1052 1652 1328 1740 potest.

483 1756 789 1856 Spicula
864 1754 1339 1830 Graminum
1413 1776 1458 1828 e
1519 1751 1848 1829 bracteis
1904 1756 2324 1858 praecipue

286 1879 617 1954 constat,
684 1881 761 1944 et
822 1867 1176 1943 bracteae
1227 1880 1316 1942 ut
1361 1865 1447 1940 in
1496 1867 1888 1964 Vaginatis
1938 1894 1982 1944 e
2030 1871 2323 1969 vaginis

283 1979 668 2057 foliorum
736 1995 952 2057 ortae
1017 1994 1218 2056 sunt.
1334 1979 1632 2076 Calycis
1680 1981 1930 2058 valvas
1977 1983 2324 2078 bracteas

284 2119 448 2171 esse
518 2119 561 2170 e
612 2093 948 2170 floribus
996 2094 1197 2170 intra
1247 2094 1587 2191 calycem
1637 2118 1866 2196 saepe
1911 2095 2325 2197 pedicella-

279 2208 378 2286 tis
438 2208 620 2284 satis
672 2220 990 2284 constat.
1091 2207 1457 2285 Corollae
1505 2207 1807 2285 valvam
1859 2210 2322 2309 exteriorem

277 2322 672 2398 bracteam
724 2345 890 2397 esse
939 2345 1106 2397 non
1157 2323 1424 2399 solum
1472 2346 1512 2396 e
1547 2322 2085 2412 similitudine,
2120 2346 2322 2426 quae

278 2438 487 2516 inter
529 2435 732 2511 hanc
783 2450 860 2511 et
907 2435 1183 2535 calycis
1230 2436 1485 2534 valvas
1536 2438 1859 2526 obtinet,
1918 2437 2322 2537 cognosci-

280 2563 442 2636 tur,
491 2549 630 2624 sed
681 2573 1005 2651 quoque
1055 2574 1098 2627 e
1146 2549 1304 2626 situ
1352 2564 1431 2625 et
1476 2565 1752 2626 natura
1800 2550 2151 2642 valvulae
2199 2551 2320 2646 in·

278 2662 617 2750 terioris.
707 2666 913 2738 Haec
964 2664 1175 2739 enim
1227 2664 1313 2738 in
1367 2663 1876 2739 Graminibus
1941 2663 2322 2758 multiflo-

275 2775 388 2852 r'is
447 2775 658 2851 intus
720 2774 916 2852 flexa
979 2801 1069 2852 ex
1131 2776 1410 2853 eadem
1470 2776 1638 2852 basi
1690 2777 1842 2852 exit
1890 2799 1933 2852 e
1984 2801 2139 2877 qua
2188 2799 2321 2877 pe·

279 2887 606 2966 dicellus
677 2889 902 2966 floris
983 2890 1414 2993 superioris
1491 2889 1922 2979 adscendit,
1990 2901 2066 2966 et
2121 2914 2321 2970 eun·

280 3001 467 3084 dem
528 3003 768 3079 situm
817 3003 1090 3092 habet,
1156 3029 1399 3105 quem
1445 3017 1836 3079 monstrat
1880 3004 2154 3101 vagina
2202 3028 2320 3084 ra·

277 3141 637 3203 morum,
703 3116 946 3192 dorso
1013 3117 1304 3194 scilicet
1358 3140 1632 3193 versus
1696 3116 2054 3208 culmum
2132 3139 2323 3222 coti·

277 3254 536 3317 verm,
599 3229 824 3331 quod
878 3231 966 3328 in
1015 3231 1253 3310 hacce
1314 3228 2320 3333 valvulaversuslpedicelss

276 3342 448 3420 lum
515 3344 945 3444 superioris
1004 3343 1225 3422 floris
1278 3345 1788 3434 convertitur,
1838 3346 2068 3423 sicuti
2114 3344 2321 3430 bene

277 3458 637 3558 exposuit
702 3457 1011 3559 Tui-pin
1078 3460 1486 3558 (Memoir.
1517 3539 1520 3542 Α
1549 3458 1622 3533 d.
1669 3465 2064 3538 Museum.
2114 3461 2204 3552 T.
2251 3460 2319 3542 5.

274 3599 349 3672 p.
397 3573 635 3668 426.).
742 3576 977 3648 Putat
1034 3573 1152 3646 vir
1215 3571 1452 3656 celeb.
1515 3574 1876 3672 vaginam
1923 3574 2154 3654 istam
2200 3595 2320 3648 ra·

272 3709 539 3761 meam
591 3708 647 3770 e¹
686 3682 994 3784 duabus
1046 3708 1211 3764 esse
1264 3684 1647 3774 coalitam,
1694 3702 1789 3763 ut
1834 3685 2317 3784 indesitum

271 3796 486 3875 foliis
560 3800 1023 3900 oppositum
1092 3799 1449 3900 explicet,
1526 3801 1664 3900 qui
1715 3800 1993 3898 vagina
2038 3798 2184 3871 ista
2230 3793 2320 3874 in
2375 3865 2380 3870 .

274 3911 470 3988 duas
552 3912 810 3989 soluta
852 3913 1212 4006 ‚lateralis
1296 3912 1418 4004 fit,
1504 3928 1597 3990 ut
1681 3912 1764 3988 in
1839 3907 2318 4008 tegminibus

270 4047 772 4124 gemmarum
835 4052 1001 4105 esse
1065 4026 1281 4118 solet.
1390 4028 1742 4106 Probare
1814 4023 2017 4110 hanc
2085 4046 2316 4124 9011)-

1555 4144 1647 4216 17
1682 4139 1717 4174 ⁸
