2843 4800
1158 309 1219 395 F
1235 315 1387 398 ΠΟ
1411 307 1485 397 S.
2193 320 2339 397 297

287 505 681 599 antherae.
752 525 937 598 Aut
986 503 1234 598 erecta
1287 527 1446 596 e'st
1466 531 1824 622 apertura
1888 533 2339 596 anu-orsum
2396 535 2482 604 β
2527 582 2571 644 22
2717 555 2833 641 uz.

284 658 539 723 versa,
566 633 753 712 ffau't
777 634 1124 722 adversa,
1177 619 1534 735 apicibus
1579 648 2029 709 antrorsum
2076 633 2338 723 versiS,
2317 694 2405 731 »a
2429 670 2652 733 W
2671 671 2833 738 Μὴ

176 804 188 811 -
289 763 431 825 aut
473 751 799 860 inversa,
853 757 1210 851 apertura
1257 750 1696 824 introrsum
1745 747 2034 822 dorso
2027 745 2807 889 extror-sz‘dfflw

290 888 475 939 sum
537 873 833 939 verso.
898 867 1084 939 Duo
1149 869 1333 938 sunt
1379 861 1622 937 loculi
1678 859 2073 949 anthei-am
2121 862 2758 966 locu-m

220 966 231 972 ’
278 977 443 1051 ··lis
469 993 699 1107 saepe
777 979 864 1052 in
948 975 1274 1052 locellos
1360 975 1662 1062 divisiS,
1734 976 2094 1050 minime
2146 1000 2337 1053 vero
2375 967 2835 1086 wstbu-

210 1183 215 1187 ,
282 1092 773 1188 marginum
806 1090 1343 1176 involutione,
1394 1089 1537 1164 sed
1585 1088 1831 1189 raphe
1877 1088 1972 1162 in
2016 1087 2338 1252 dissepi-
2371 1056 2787 1170 42th

286 1219 656 1342 menttssm
706 1205 1193 1306 prolongata.
2354 1113 2787 1342 fib*
2809 1191 2835 1223 ²

488 1319 830 1394 Anthera'
880 1341 1111 1418 saepe
1157 1316 1598 1428 petaloidea
1653 1316 2163 1417 conspicitur,
2223 1316 2341 1393 lo-

296 1431 495 1505 culis
548 1431 741 1533 ipsis
800 1431 1120 1508 mutatis
1184 1449 1331 1507 nec
1362 1417 1786 1519 antherio,
1837 1431 2100 1531 quod
2135 1432 2343 1535 inter

298 1542 610 1620 loculos
659 1545 1018 1621 decurrit.

497 1658 744 1761 Stipes
833 1661 919 1734 in
1009 1658 1193 1733 basi
1254 1682 1490 1765 saepe
1564 1659 1802 1735 habet
1880 1656 2342 1757 glandulam

295 1773 704 1848 materiam
800 1774 1186 1849 viscosam
1285 1773 1876 1860 exsudantems
1939 1775 2343 1852 retinacu-

293 1886 468 1962 lum
518 1888 737 1965 Rich.
1018 1907 1023 1912 ’
1903 1919 1908 1928 ·

488 2003 885 2078 Columna
921 1943 1487 2104 appendicibus
1518 2025 1754 2104 saepe
1777 1995 2146 2101 insignita
2182 2001 2318 2079 est}

372 2125 376 2129 ’
482 2117 924 2214 Singularis
988 2133 1103 2194 est
1160 2133 1547 2195 structura
1607 2117 1954 2216 pollinis
2043 2121 2337 2195 Μ35535

292 2227 589 2305 format
652 2231 1191 2319 cohaerenteS,
1258 2235 1475 2333 quas
1518 2230 1930 2333 pollinaria
1986 2231 2338 2308 dixerim.

296 2345 381 2420 Si
430 2344 940 2446 pollinarium
990 2331 1431 2423 farinosum
1485 2360 1625 2434 est,
1678 2361 1981 2424 constat
2014 2348 2056 2423 e
2088 2372 2343 2424 mem-

292 2460 539 2534 brana
602 2461 1342 2561 parenchymatosa,
1393 2485 1622 2562 saepe
1670 2462 1755 2535 in
1807 2463 2148 2569 stipitem
2199 2488 2343 2539 seu

299 2572 796 2648 caudiculam
878 2588 1325 2659 attenuata,
1384 2575 1511 2648 cui
1584 2575 2103 2650 innascuntur
2174 2599 2343 2673 gra-

291 2687 483 2763 nula
560 2686 893 2787 pollinis.
1014 2691 1227 2764 Haec
1295 2687 1620 2785 granula
1699 2688 1957 2763 multo
2036 2688 2340 2785 majora

295 2816 513 2889 sunt,
600 2827 685 2876 ac
758 2804 843 2876 in
915 2802 1239 2903 reliquis
1310 2802 1613 2905 plantiS,
1688 2802 1940 2876 rarius
2013 2801 2341 2900 globosa

296 2939 526 3017 saepe
590 2915 970 3013 oblonga,
1054 2918 1421 3003 obovata,
1509 2914 1964 3013 cylindrica,
2048 2916 2343 3006 conica,

295 3028 735 3105 luculenter
800 3054 843 3105 e
905 3030 1510 3131 parenchymate
1572 3030 2009 3130 composita
2074 3028 2345 3106 fovilla

298 3166 468 3219 non
504 3144 994 3245 conspicua.
1131 3144 1210 3220 Si
1285 3168 1474 3219 vero
1548 3129 2063 3244 pollinarium
2139 3167 2347 3219 cera-

294 3266 536 3332 ceum-
582 3272 748 3346 ·est,
825 3247 1062 3355 longe
1146 3259 1379 3334 aliam
1459 3259 1756 3335 habent
1849 3271 2344 3335 structuram.

296 3371 551 3472 Stipes
612 3397 761 3448 seu·
817 3372 1067 3447 cauda
1143 3396 1186 3448 e
1252 3372 1595 3470 globulis
1657 3372 1976 3473 pollinis
2045 3385 2349 3446 constat

291 3487 759 3562 membrana
808 3486 1103 3561 viscosa
1156 3488 1406 3562 tenaci
1458 3510 1825 3573 connexa,
1921 3485 2346 3562 Pollinaria

289 3600 461 3700 ipsa
532 3598 1008 3700 plerumque
1084 3624 1567 3700 compressa,
1645 3600 2147 3676 subrotunda
2217 3613 2351 3675 aut

295 3714 583 3790 obtuse
651 3713 1010 3810 angulata
1076 3738 1165 3788 ex
1226 3714 1667 3789 innumeris
1729 3715 2071 3811 globulis
2119 3713 2349 3815 polli-

292 3827 418 3906 nis
470 3840 834 3904 constant
883 3825 1124 3902 dense
1159 3829 1585 3928 compactis
1620 3842 1698 3904 et
1728 3828 2349 3914 cohaerentibus

292 3940 399 4016 ita
447 3955 544 4016 ut
589 3941 867 4017 intima
917 3967 1096 4042 pars
1144 3944 1674 4029 membranae,
1724 3942 1789 4017 si
1841 3939 2126 4028 adfuit,
2176 3942 2350 4042 pol-

293 4053 457 4131 line
510 4055 818 4131 obtecta
872 4069 946 4130 et
996 4056 1436 4132 oblitterata
1484 4054 1599 4131 sit.
