2843 4800
980 291 1553 372 FRUCTUS.
1607 347 1610 350 ι
2141 291 2288 369 347

433 494 819 574 Plumula
878 483 967 568 in
1029 488 1426 591 plerisque
1492 487 2092 586 deficit„magis
2139 489 2290 566 mi-

244 631 486 684 nusve
536 629 865 708 quoque
916 603 1284 705 explicata
1334 617 1485 691 est,
1549 601 1956 679 interdum
2002 602 2149 693 ita,
2196 617 2291 682 ut

240 721 629 800 foliorum
680 716 1181 820 complicatio
1232 718 1439 793 bene
1488 715 2032 816 conspiciatur.

432 834 1043 935 Anamorphostls
1104 833 1477 907 naturalis
1539 845 1655 907 est
1711 855 1899 907 cum
1959 830 2046 906 in
2121 830 2291 932 ipsa

239 948 503 1052 planta
553 949 884 1045 embryo
934 946 1348 1045 germinat,
1411 958 1489 1022 et
1546 945 1939 1047 perruptis
1985 945 2290 1044 integu-

239 1064 527 1148 mentis
590 1062 951 1138 rhizoma
1019 1062 1315 1149 exserit,
1364 1057 1591 1162 quod
1639 1060 1723 1136 in
1773 1059 2289 1161 Rhizophora

239 1177 508 1253 videre
554 1176 736 1254 licet
786 1176 1217 1274 (Gaertner
1267 1173 1368 1250 de
1414 1172 1508 1250 fr.
1559 1179 1625 1249 l.
1673 1201 1749 1276 p.
1796 1177 1962 1250 212.
1979 1174 2034 1271 ).

308 1335 311 1338 -
433 1294 916 1370 Mansit-osae
965 1286 1476 1385 cotyledones
1523 1288 1929 1366 interdum
1979 1289 2291 1390 conspi÷

242 1407 591 1493 ciuntur,
655 1418 791 1481 aut
845 1401 1335 1504 inaequales,
1386 1415 1521 1478 aut
1570 1401 1802 1488 altera
1850 1401 2015 1479 fere
2061 1403 2291 1479 oblit-

243 1531 514 1605 terata,
590 1532 724 1598 aut
795 1509 1029 1593 altera
1093 1516 1512 1617 partitione
1583 1514 1749 1592 fere
1832 1516 2313 1607 oblitterata,'

246 1645 380 1716 aut
451 1631 716 1732 plures
791 1629 1103 1716 duabus
1185 1631 1474 1710 adsunt
1527 1633 1820 1728 (Jiiger
1897 1658 1972 1732 p.
2050 1632 2288 1729 203).

242 1745 517 1821 Plures
564 1743 971 1846 plumulae
1020 1744 1415 1820 rarissime
1450 1745 2062 1846 conspiciuntur.
2128 1745 2289 1832 Sed

239 1858 507 1959 plures
572 1858 1045 1955 embryones
1108 1858 1194 1933 in
1259 1856 1549 1934 eodem
1598 1859 1903 1935 semine
1951 1885 1993 1934 a
2040 1859 2291 1961 pluri-

239 1972 391 2052 bus
455 1972 1094 2060 observatoribus
1157 1971 1743 2058 animadversae
1809 1988 2025 2063 sunt,
2084 1997 2290 2049 sem÷

238 2111 379 2186 per
450 2103 719 2164 tamen
790 2101 884 2164 ut
976 2085 1321 2174 videtur,
1415 2101 1915 2170 monstrosae
2014 2088 2291 2186 (Jager

237 2227 311 2300 p.
371 2205 541 2277 202.
604 2201 809 2278 Petit
874 2200 1239 2286 Thouars
1302 2205 1393 2276 N.
1425 2201 1731 2282 Bullet.
1782 2201 1856 2278 d.
1905 2201 1953 2277 l.
2007 2199 2288 2284 societ.

240 2313 432 2415 phil.
488 2318 578 2389 T.
628 2319 815 2418 Lp.
866 2319 1028 2396 198.
1068 2320 1169 2405 ..T
1216 2318 1286 2391 2.
1334 2343 1424 2487 p.
1462 2316 1702 2414 126.)

242 2550 452 2641 189.
600 2552 983 2669 Embryo
1092 2577 1389 2666 saepe
1514 2555 2015 2638 moolutwus
2121 2564 2290 2651 est,

361 2691 904 2804 gemmula,
1006 2688 1679 2843 radiculisque
1782 2687 2049 2776 intra
2148 2690 2289 2806 ip-

360 2858 587 2918 sum
653 2828 1379 2920 enascentibus,
1471 2840 1474 2845 '

431 3002 556 3076 De
604 3001 1042 3097 embryone
1074 2994 2040 3095 Monocotyledonearum.
2076 3021 2290 3073 nunc

243 3108 679 3195 dicendum
729 3115 891 3199 erit.
1352 3168 1357 3175 -
1591 3164 1594 3173 ·

435 3226 787 3323 Embryo
837 3231 1092 3321 variae
1139 3227 1450 3307 formae
1497 3240 1631 3317 est,
1680 3223 2100 3315 filiformiS‚
2167 3250 2292 3324 cyf-

241 3334 667 3426 lindricus,
715 3341 1372 3438 subcylindricus,
1424 3340 1783 3429 conicus,
1832 3339 2291 3430 susiformis,

241 3452 705 3547 trochlearis
776 3452 824 3529 i.
900 3479 962 3531 e.
1034 3457 1308 3533 medio
1393 3454 1858 3532 constrictus
1938 3457 2291 3556 apicibus

242 3566 723 3655 rotundatis,
796 3568 1331 3668 pyramidatus
1403 3568 1452 3643 i.
1517 3590 1587 3644 e.
1648 3595 1692 3645 e
1755 3570 1904 3651 lata
1968 3571 2136 3648 basi
2202 3571 2290 3651 in

246 3694 568 3757 acutum
631 3706 1108 3761 mucronem
1142 3682 1584 3772 -transiens,
1663 3682 2172 3782 fungifonnis
2200 3758 2206 3765 ,
2231 3709 2290 3763 s.

247 3811 336 3865 ex
401 3810 726 3892 angusta
786 3795 954 3875 basi
1027 3796 1110 3871 in
1183 3796 1569 3897 pileolum
1641 3823 1784 3875 seu
1858 3796 2289 3899 capitulum

245 3899 752 4000 incrassatus,
815 3910 1358 4012 patellisormis
1420 3937 1477 3987 s.
1529 3938 1592 3987 e.
1658 3913 1972 3995 minuto
2024 3912 2290 3988 tuber-

248 4017 430 4099 culo
480 4024 688 4101 basis
738 4025 824 4102 in
876 4025 1247 4128 cupulam
1300 4040 1737 4107 attenuatus
1799 4027 2163 4125 (Gaertn.
2215 4024 2288 4102 d.
