2843 4800
1016 339 1598 456 tuncrus.
2190 364 2340 460 325

264 569 531 660 partes
564 554 999 657 oppositas
1062 553 1547 645 dividendO,
1623 553 1823 634 dum
1873 557 2081 636 inter
2123 561 2334 664 ipsas

266 670 621 748 decurrit
666 670 1134 747 membrana
1186 668 1480 770 duplex
1530 672 2125 772 (verbascum).
2217 757 2222 764 ‚
2329 699 2340 711 “

270 857 329 872 ,,
460 786 1019 885 loculamenta
1097 783 1287 860 inde
1385 785 1759 861 oriuntur
1840 801 1919 862 et
1998 785 2331 889 quidem

262 899 698 1001 completa,
780 899 846 974 si
924 898 1483 999 dissepimenta
1551 899 1942 1002 completa
2014 900 2329 991 fuerint,

260 1027 404 1090 aut
465 1011 947 1115 incompleta
1013 1026 1090 1087 et
1151 1013 1576 1113 parietalia‚
1640 1012 1704 1087 si
1770 1012 2328 1146 dissepimenta

259 1126 750 1229 incompleta
802 1139 879 1201 et
940 1125 1385 1225 parietalia‚
1424 1140 1562 1202 aut
1607 1126 1922 1216 hiantia,
1973 1129 2038 1204 si
2086 1130 2327 1206 inter-

180 1340 197 1356 f
261 1255 502 1347 rupta
554 1255 690 1317 aut
735 1237 1128 1341 perforata
1179 1254 1366 1316 sunt
1415 1238 1993 1355 dissepimenta.
2381 1241 2384 1242 f

461 1358 689 1456 Septa
751 1368 1187 1432 transversa
1250 1354 1489 1430 simili
1565 1354 1820 1434 modo
1890 1369 2325 1439 nascuntur

259 1493 351 1544 ac
440 1466 996 1568 dissepimenta
1083 1453 1710 1566 longitudinalia.
1855 1470 2320 1546 Membrana

255 1581 539 1682 intima
588 1580 1002 1657 lateraliter
1049 1580 1478 1657 reflectitur
1527 1597 1602 1659 et
1652 1580 1994 1683 ὀίΡΙοέῐι,
2029 1582 2317 1683 peridii

255 1695 673 1796 intercipit.
796 1694 1172 1771 Solvitur·
1204 1696 1736 1798 pericarpium
1798 1687 1882 1784 in
1946 1696 2316 1773 articulos

256 1808 555 1885 eodem
587 1805 862 1896 modo,
898 1833 1062 1909 quo
1117 1806 1219 1884 ad
1268 1823 1483 1909 septa
1531 1809 1989 1910 marginalia
2033 1809 2315 1885 dividi-

250 1936 406 2032 tur.
490 1925 583 1998 In
631 1923 1183 2020 Leguminosis
1217 1937 1432 2024 septa
1469 1937 1778 2002 tantum
1816 1937 2264 2008 occurrunt.

452 2040 788 2112 Fructus
852 2036 1181 2138 simplex
1245 2063 1286 2112 a
1334 2031 1755 2139 multiplici
1806 2037 2314 2136 distinguitur

249 2152 312 2228 si
366 2150 703 2283 diplo'e’n
772 2151 1135 2226 observas
1185 2151 1395 2238 inter
1451 2151 1708 2228 valvas
1774 2178 1967 2256 quas
2036 2150 2313 2226 dicunt

247 2266 610 2362 margine
658 2263 1109 2339 introflexas
1161 2263 1714 2342 decurrentem
1764 2266 2087 2369 quaein
2121 2264 2311 2340 sim-

246 2379 438 2483 plici
490 2378 739 2464 adest,
789 2377 875 2452 in
922 2376 1340 2480 multiplici
1393 2377 1630 2456 deest.
1697 2458 1700 2461 Α

250 2578 255 2581 ,
449 2491 914 2600 Secundum
948 2516 1382 2568 numerum
1411 2491 2140 2575 loculamentorum
2190 2493 2308 2569 di-

248 2621 543 2684 cuntur
588 2606 1033 2708 pericarpia
1065 2606 1183 2683 bi·
1185 2605 1813 2683 multilocularia.
1923 2608 2305 2686 Unilocu-

246 2721 407 2799 lare
476 2721 714 2820 vulgo
786 2720 1106 2808 dicitur,
1171 2717 1397 2820 quod
1457 2719 1674 2794 nulla
1722 2704 1963 2795 habet
2008 2721 2303 2799 locula-

242 2851 548 2923 menta,
612 2860 759 2911 nec
824 2847 1058 2934 septa.
1167 2831 1461 2910 Videre
1520 2833 1706 2908 licet
1764 2833 1851 2907 in
1916 2832 2304 2934 Asclepia-

247 2950 586 3028 dearum
686 2947 1139 3053 pericarpiis
1248 2944 1687 3043 majoribus
1787 2960 1866 3022 et
1973 2946 2302 3047 quidem

136 3119 140 3123 «
243 3063 694 3140 immaturis
788 3062 1389 3165 sporophorum
1501 3057 1992 3157 subcentrale
2111 3084 2300 3134 vero

250 3175 816 3275 dissepimento
870 3203 1056 3253 cum
1104 3173 1419 3278 peridio
1483 3166 2072 3270 conjunctum.
2128 3172 2301 3245 Dis-

247 3289 787 3418 sepimentum
843 3290 1093 3366 hocce
1161 3314 1204 3365 e
1275 3286 1769 3386 marginibus
1832 3278 2159 3389 peridii
2180 3287 2299 3361 in-

245 3400 598 3489 trossexis
650 3402 839 3475 oriri
886 3403 1216 3492 videtur,
1250 3398 1710 3518 praesertim
1748 3427 1960 3495 cum
1953 3403 2300 3503 pericar-

245 3516 477 3617 pium
540 3516 1077 3604 maturaverit,
1145 3529 1223 3591 et
1285 3504 1884 3633 sporophorum
1936 3519 2158 3617 quasi
2208 3516 2300 3599 li-

238 3621 536 3707 berum
588 3641 966 3728 appareat.
1074 3630 1177 3704 At
1221 3652 1347 3703 res
1395 3654 1562 3705 sese
1609 3629 1867 3719 habet,
1909 3631 2026 3706 uti
2061 3654 2297 3735 supra

248 3740 349 3818 de
415 3742 907 3851 marginibus
971 3734 1462 3818 valvularum
1508 3743 1940 3819 introflexis
1991 3743 2295 3820 dictum

249 3871 380 3932 est.
490 3855 937 3956 Ejusmodi
977 3855 1405 3957 pericarpia
1481 3846 2002 3933 unilocularia
2065 3882 2294 3933 voca-

248 3971 525 4062 verim,
578 3986 654 4048 et
704 3996 907 4072 quae
956 3968 1275 4046 nullum
1322 3970 1617 4069 habent
1665 3972 2119 4088 vestigium
2139 3956 2309 4055 dis

251 4075 700 4220 sepimenti,
752 4085 1190 4163 elocularia.
