2843 4800
903 269 1629 390 νΕοΕΤΑΤΠι
2047 281 2058 290 ’
2146 314 2297 394 mm

246 510 641 590 calcareo
648 522 809 590 etc
850 521 1241 596 crescunt,
1288 507 1399 586 sic
1450 505 1916 588 Trifolium
1917 519 2294 611 pratense

241 627 649 728 gypsum
644 634 924 708 amat,
1018 620 1130 702 sic
1189 619 1522 724 plantae
1599 624 2106 764 succulentae
2169 629 2292 704 vix

240 740 502 816 humo
552 735 930 836 indigent.

239 967 450 1067 202.
548 973 1041 1062 Moventur
1142 970 1436 1064 succi
1467 991 1474 998 ·
1507 973 2080 1090 plantarum
2181 977 2293 1075 in

372 1121 605 1204 eum
667 1111 1029 1211 locum,
1089 1109 1200 1198 in
1264 1091 1567 1229 quem
1635 1110 2072 1204 directus
2145 1127 2294 1206 est

367 1254 644 1342 nisns
704 1249 1322 1365 'vegetativus
1380 1265 1383 1270 “
1443 1233 1446 1238 ’
1517 1259 1522 1264 ’
1811 1235 1815 1242 ’

439 1426 841 1522 Tempore
886 1443 1133 1497 verno
1185 1401 1541 1510 arbores,
1591 1445 1935 1524 quarum
1972 1422 2322 1524 lignum*

237 1533 737 1638 perforatum
787 1547 918 1622 est,
965 1557 1295 1610 succum
1334 1534 1642 1614 stillant.
1720 1537 2088 1615 Elevatur
2118 1566 2291 1619 suc·-

242 1673 388 1725 cus
454 1674 497 1725 a
557 1647 818 1725 radice
877 1672 1146 1725 versus
1194 1671 1575 1726 cacumen
1624 1652 1924 1730 sensim,
1966 1655 2294 1731 'sensim-
2376 1683 2402 1730 .·

241 1786 427 1864 que
460 1786 643 1842 -non
694 1762 878 1863 quia
929 1786 1026 1838 eo
1076 1775 1439 1864 tempore
1489 1762 1590 1839 ad
1640 1762 2290 1844 adscendendum

238 1877 525 1964 utitur,
572 1875 749 1951 sed
810 1876 997 1977 quia
1058 1900 1268 1965 vasa,
1359 1889 1700 1978 superne
1762 1882 2182 1980 torpentia,
2246 1907 2290 1960 a

234 1989 410 2068 basi
458 1987 583 2067 ad
614 2013 996 2094 cacumen
1041 2013 1300 2091 usque
1330 1990 1819 2070 reviviscunt.
1892 1995 1982 2070 Ε
2017 1994 2290 2071 calore

234 2106 587 2209 pendet,
633 2127 736 2183 an
804 2089 1034 2180 citius
1091 2103 1409 2182 lentius
1429 2105 1888 2182 reviviscant
1936 2120 2076 2184 aut
2115 2134 2291 2185 rur-

233 2245 377 2297 sus
440 2230 806 2319 torpeant
879 2217 1260 2315 (Walker
1319 2223 1711 2296 Transact.
1778 2217 1878 2295 of
1926 2220 2061 2298 the
2113 2225 2288 2298 Soc.

237 2332 341 2415 of
404 2331 974 2411 Edinh.1778.
1091 2331 1540 2432 Samml.z.
1604 2333 1854 2433 Phys..
1878 2360 1957 2411 u.
2005 2339 2289 2412 Natur-

178 2447 504 2548 *gesch
577 2451 667 2522 Τ.
730 2448 796 2522 4.
861 2473 935 2545 p.
986 2445 1217 2543 455.).
1314 2448 1457 2523 His
1506 2447 1713 2526 adde
1763 2449 2287 2550 experimenta

236 2588 305 2641 a
332 2559 700 2639 Hamelio
749 2559 1099 2637 instituta
1151 2559 1275 2657 (L.
1324 2563 1391 2635 5.
1445 2560 1562 2637 ch.
1609 2562 1678 2636 2
1730 2577 1864 2637 art.
1915 2564 2049 2657 4...)

440 2678 785 2753 Succum
851 2672 1078 2750 citius
1143 2672 1620 2749 adscendere
1682 2675 2026 2774 probant
2059 2676 2289 2775 plan-

233 2805 360 2868 tae
432 2790 540 2867 ob
590 2789 1018 2868 siccitatem
1064 2784 1472 2875 flaccidae,
1533 2810 1719 2863 nam
1771 2788 1963 2874 cito,
2013 2787 2289 2866 adfusa

235 2903 643 2984 radicibus
690 2927 892 3005 aqua
942 2900 1370 2999 eriguntur.
1432 2948 1443 2965 .
1901 2960 1904 2963 ,
2134 2964 2140 2971 ,
2275 2956 2318 3007 ,Ἴ

436 3020 593 3093 De
620 3016 793 3104 viis,
859 3040 1002 3117 per
1064 3039 1259 3116 quas
1330 3011 1738 3091 adscendit
1795 3038 2118 3091 succus
2140 3038 2291 3093 nu-

237 3129 546 3209 tritioni
596 3142 673 3206 et
720 3127 1212 3231 explicationi
1259 3127 1603 3229 partium
1652 3128 2099 3229 inserviens,
2131 3124 2290 3225 jam

242 3265 486 3343 supra
535 3238 839 3321 dictum
889 3257 1021 3323 est.
1117 3247 1269 3322 Per
1313 3241 1838 3344 parenchyma
1886 3255 2007 3320 tot
2054 3242 2290 3344 septis

239 3354 699 3433 transversis
772 3357 1300 3459 interceptum
1364 3381 1453 3432 ea
1519 3355 1901 3433 celeritate
1962 3354 2292 3439 transire

180 3548 189 3555 „
243 3494 417 3549 non
497 3480 788 3569 potest,
863 3497 1021 3572 qua
1085 3472 1617 3553 observamus.
1734 3472 1936 3548 Vasa
1997 3466 2292 3547 fibrosa

243 3582 705 3680 longissima
786 3608 1015 3684 saepe
1086 3596 1273 3660 sunt
1332 3598 1410 3660 et
1469 3597 1586 3660 sat
1647 3583 1970 3685 capacia.
2091 3587 2291 3660 Vasa

245 3696 557 3798 spiralia
599 3696 692 3773 ein
739 3697 1101 3775 maximis
1123 3686 1598 3785 'arbel-ibus,
1648 3722 1713 3775 e.
1760 3722 1829 3795 g.
1877 3697 2095 3779 Pinis
2142 3696 2293 3771 mi-

245 3812 658 3888 nutissima
709 3810 1028 3900 adsunt,
1077 3826 1157 3891 et
1199 3811 1285 3889 in
1332 3813 1430 3891 iis
1477 3812 1618 3887 uhi
1667 3810 2038 3897 maxima,
2088 3833 2293 3885 sem-

245 3948 389 4022 per
451 3949 693 4009 vacua
760 3939 1151 4029 apparent.
1258 3930 1359 4004 Et
1405 3930 1670 4005 aerem
1709 3924 2068 4026 plantam
2115 3947 2291 4024 per-

247 4060 512 4117 meare
571 4040 773 4123 intra
843 4040 1326 4129 videbimus,
1386 4041 1514 4119 cui
1576 4037 1944 4118 vehendo
2006 4035 2288 4139 procul
