2843 4800
1021 354 1494 448 ‘G‘EMMA
1729 327 1735 331 ’
2150 354 2296 428 219

253 582 508 637 novos
575 554 872 633 bulbos
934 553 1136 629 intra
1195 553 1500 629 tunicas
1567 551 1885 630 extimas
1948 551 2103 628 cito
2180 575 2303 628 ex-

251 670 735 752 hauriendas
802 667 1123 745 emittit..
1243 665 1606 744 Tandem
1675 665 1942 768 proles
2014 668 2302 745 accres-

254 810 457 879 cens:
485 785 832 864 bulbum
880 795 1286 884 parentem
1338 780 1652 878 exsugit.
1747 784 2006 859 Hosce
2038 778 2303 857 bulbos

254 930 614 981 carnosos
637 897 1125 1002 perzpherlbos
1161 894 1390 970 dicas.
1460 892 1964 991 Hyacinthus.
2060 899 2307 997 Inter-

259 1017 459 1093 dum
520 1014 818 1091 bulbus
880 1034 1163 1111 parens
1229 1033 1524 1084 novam
1592 1031 1633 1082 e
1702 1020 1970 1083 centro
2023 1008 2342 1085 emittit->

256 1152 695 1229 gemmam,
738 1137 1168 1226 postquam
1214 1123 1475 1224 prima
1530 1120 2011 1197 defloruerit.

328 1294 331 1295 f
448 1242 681 1319 Bulbi
722 1235 967 1314 ¹solidi
1017 1235 1244 1323 fiunt,
1292 1236 1357 1311 si
1410 1233 1800 1312 foliorum
1848 1236 2073 1311 bases
2107 1246 2314 1311 cras-ss

261 1356 613 1432 sissimae
674 1366 755 1430 et
804 1349 1532 1426 ssconferruminatae
1580 1374 1920 1425 massam
1969 1349 2311 1425 solidam

262 1468 634 1544 referunt.
738 1466 1162 1544 Foliorum
1224 1464 1450 1539 bases
1513 1477 1779 1541 tamen
1845 1488 2011 1539 esse
2057 1464 2144 1537 in
2191 1461 2311 1561 ju-

268 1581 497 1656 niore
542 1578 805 1657 bulbo
843 1593 957 1669 sat
1002 1579 1209 1672 bene
1260 1577 1762 1677 conspicitur.
1858 1579 1960 1654 Hi
2012 1576 2309 1691 duplici

268 1694 549 1770 modo
560 1694 882 1795 prolem
930 1716 1158 1768 suam
1208 1691 1593 1765 nutriunt.
1655 1722 1664 1735 .
1711 1744 1714 1747 -

457 1807 785 1883 Bulbus
806 1805 1123 1889 :sol-idus
1187 1827 1472 1906 parens
1523 1803 1774 1893 caule,
1809 1828 2069 1905 quem
2120 1804 2313 1881 emi-

265 1922 397 2010 sit,
418 1966 421 1971 >
463 1920 890 2007 deflorato,
938 1919 1312 2022 persistit.
1418 1921 1695 1993 Novus
1746 1918 2091 1994 exoritur
2135 1918 2315 1994 bul-

262 2037 441 2112 hus
479 2060 623 2112 seu
652 2033 957 2136 potius
1019 2052 1331 2130 gemma
1379 2031 1465 2105 in
1514 2032 1715 2107 rima
1763 2031 2078 2108 laterali.
2175 2032 2314 2106 Di-

262 2151 547 2227 latatur
607 2163 709 2225 et
734 2146 1204 2225 extenditur
1279 2145 1518 2234 rima,
1606 2169 1917 2246 gemma
1994 2144 2318 2246 explica·

264 2279 409 2341 tur
458 2278 535 2341 et
597 2262 797 2339 dum
862 2260 1226 2336 accrescit
1288 2259 1371 2333 in
1433 2260 1602 2336 basi
1662 2283 1965 2335 novum
2023 2257 2319 2334 format

260 2379 625 2457 bulbum.
708 2373 1185 2456 Interdum
1278 2374 1365 2449 in
1459 2375 1661 2451 rima
1745 2373 1980 2449 altera
2064 2374 2326 2449 oritur

268 2518 603 2591 gemma.
638 2494 765 2569 A
811 2490 1039 2593 prole
1085 2513 1368 2591 parens
1419 2490 1832 2586 exsugitur,
1890 2501 2319 2588 postquam

269 2606 516 2681 flores
580 2604 1069 2706 fluctusque-
1106 2604 1382 2679 emisit.
1496 2607 1730 2679 Hunc
1780 2599 2093 2678 bulbum
2137 2602 2317 2675 soli-

268 2723 465 2814 dum
509 2716 891 2796 lateralem
904 2737 917 2774 f
936 2718 1287 2795 dixerim.
1363 2716 1855 2794 Colchicum.
2097 2745 2102 2750 ‘

394 2865 425 2878 ·“
463 2832 961 2910 ΡΥοΙος-αοη
1024 2834 1112 2907 in
1174 2832 1447 2919 latere,
1496 2828 1637 2905 sed
1684 2829 1770 2903 in
1818 2828 1994 2927 ipso
2043 2824 2318 2900 medio

266 2960 592 3048 parente
642 2948 987 3023 exoritur
1037 2961 1114 3022 et
1159 2944 1569 3021 formatur.
1678 2948 1968 3018 Parens
2014 2939 2099 3013 in
2147 2939 2316 3014 basi
2379 2933 2390 2937 ’

268 3074 362 3135 ut
412 3060 526 3135 ita
592 3060 852 3137 dicam
910 3058 1332 3142 universali
1380 3057 1754 3159 persistit,
1804 3051 2069 3155 proles
2119 3050 2333 3127 dum*

274 3173 698 3281 explicatur
746 3199 1046 3251 novum
1094 3174 1181 3248 in
1230 3199 1370 3249 sua
1418 3171 1586 3251 basi
1630 3167 1974 3245 bulbum
2004 3163 2319 3245 format.

276 3287 486 3378 Novi
535 3277 762 3374 bulbi
810 3288 1301 3391 plerumque
1334 3287 1600 3389 plures
1648 3282 1889 3359 simul
1941 3279 2334 3383 explican-

254 3412 424 3496 tur.
546 3387 779 3498 Hunc
846 3401 1166 3478 bulbum
1223 3404 1554 3478 solzdum
1617 3399 2013 3474 centralem
2098 3420 2322 3472 voca-

272 3491 545 3591 verim.
645 3493 964 3591 Crocus.
1062 3515 1517 3611 Antholyza.

358 3699 363 3702 ,
468 3630 702 3727 Opus
752 3628 1267 3704 reticulatum
1330 3626 1724 3724 singulare
1787 3623 2140 3706 formant
2199 3638 2321 3697 tu-

248 3737 502 3820 uidae
582 3742 1019 3820 bulborum
1101 3740 1235 3816 in
1265 3739 1740 3837 Antholyzis.
1873 3741 2226 3816 Constat
2279 3755 2336 3814 e·

281 3856 936 3953 prosenchymate
998 3853 1364 3930 densiore
1432 3870 1507 3931 et
1566 3854 1891 3940 laxiore,
1955 3851 2100 3927 illo
2145 3869 2321 3928 ner-

280 3993 456 4056 vos‚
505 3969 663 4045 hoc
716 3993 930 4044 areas
962 3966 1420 4054 exhibente,
1483 3983 1575 4044 ut
1609 3967 1947 4060 ¹cellulas
1996 3987 2322 4064 prosen-

285 4082 662 4179 chymatis
714 4079 1190 4183 compositas
1236 4081 1615 4160 maximas
1666 4081 1926 4158 dicere
1972 4078 2249 4181 possis.
2301 4103 2304 4106 ·
